Press Ctrl+C to quit
> [2K[E[34m< {"info":"Welcome to the BitMEX Realtime API.","version":"2.0.0","timestamp":"2025-10-16T18:20:26.002Z","docs":"https://www.bitmex.com/app/wsAPI","heartbeatEnabled":false,"limit":{"remaining":719},"appName":"ws-feedhandler-dff8666b4-fpbwd"}[39m
> > [2K[E[34m< {"success":true,"subscribe":"orderBookL2_25:XBTUSD","request":{"op":"subscribe","args":["orderBookL2_25:XBTUSD","orderBook10:XBTUSD"]}}[39m
> [2K[E[34m< {"table":"orderBookL2_25","action":"partial","keys":["symbol","id","side"],"types":{"symbol":"symbol","id":"long","side":"symbol","size":"long","price":"float","timestamp":"timestamp","transactTime":"timestamp"},"filter":{"symbol":"XBTUSD"},"data":[{"symbol":"XBTUSD","id":141865172433,"side":"Sell","size":4000,"price":107888.0,"timestamp":"2025-10-16T18:20:32.003Z","transactTime":"2025-10-16T18:20:31.966Z"},{"symbol":"XBTUSD","id":141865170884,"side":"Sell","size":201800,"price":107886.5,"timestamp":"2025-10-16T18:20:32.003Z","transactTime":"2025-10-16T18:20:31.644Z"},{"symbol":"XBTUSD","id":141865168192,"side":"Sell","size":4400,"price":107885.7,"timestamp":"2025-10-16T18:20:32.003Z","transactTime":"2025-10-16T18:20:31.820Z"},{"symbol":"XBTUSD","id":141865172437,"side":"Sell","size":3000,"price":107885.1,"timestamp":"2025-10-16T18:20:32.003Z","transactTime":"2025-10-16T18:20:31.966Z"},{"symbol":"XBTUSD","id":141865172402,"side":"Sell","size":3000,"price":107885.0,"timestamp":"2025-10-16T18:20:32.003Z","transactTime":"2025-10-16T18:20:31.959Z"},{"symbol":"XBTUSD","id":141865168180,"side":"Sell","size":8800,"price":107883.7,"timestamp":"2025-10-16T18:20:32.003Z","transactTime":"2025-10-16T18:20:31.679Z"},{"symbol":"XBTUSD","id":141865170481,"side":"Sell","size":2000,"price":107882.6,"timestamp":"2025-10-16T18:20:32.003Z","transactTime":"2025-10-16T18:20:31.622Z"},{"symbol":"XBTUSD","id":141865171488,"side":"Sell","size":1020000,"price":107882.1,"timestamp":"2025-10-16T18:20:32.003Z","transactTime":"2025-10-16T18:20:31.739Z"},{"symbol":"XBTUSD","id":141865169779,"side":"Sell","size":3300,"price":107880.3,"timestamp":"2025-10-16T18:20:32.003Z","transactTime":"2025-10-16T18:20:31.563Z"},{"symbol":"XBTUSD","id":141865171814,"side":"Sell","size":12600,"price":107878.9,"timestamp":"2025-10-16T18:20:32.003Z","transactTime":"2025-10-16T18:20:31.820Z"},{"symbol":"XBTUSD","id":141865171522,"side":"Sell","size":9900,"price":107877.1,"timestamp":"2025-10-16T18:20:32.003Z","transactTime":"2025-10-16T18:20:31.744Z"},{"symbol":"XBTUSD","id":141865172182,"side":"Sell","size":3300,"price":107874.8,"timestamp":"2025-10-16T18:20:32.003Z","transactTime":"2025-10-16T18:20:31.913Z"},{"symbol":"XBTUSD","id":141865172429,"side":"Sell","size":10900,"price":107873.0,"timestamp":"2025-10-16T18:20:32.003Z","transactTime":"2025-10-16T18:20:31.965Z"},{"symbol":"XBTUSD","id":141865168850,"side":"Sell","size":4400,"price":107869.5,"timestamp":"2025-10-16T18:20:32.003Z","transactTime":"2025-10-16T18:20:31.465Z"},{"symbol":"XBTUSD","id":141865172386,"side":"Sell","size":10900,"price":107869.4,"timestamp":"2025-10-16T18:20:32.003Z","transactTime":"2025-10-16T18:20:31.960Z"},{"symbol":"XBTUSD","id":141865167915,"side":"Sell","size":500,"price":107868.0,"timestamp":"2025-10-16T18:20:32.003Z","transactTime":"2025-10-16T18:20:31.849Z"},{"symbol":"XBTUSD","id":141865168560,"side":"Sell","size":1300,"price":107867.9,"timestamp":"2025-10-16T18:20:32.003Z","transactTime":"2025-10-16T18:20:31.424Z"},{"symbol":"XBTUSD","id":141865170930,"side":"Sell","size":3300,"price":107867.1,"timestamp":"2025-10-16T18:20:32.003Z","transactTime":"2025-10-16T18:20:31.648Z"},{"symbol":"XBTUSD","id":141865172363,"side":"Sell","size":1700,"price":107862.4,"timestamp":"2025-10-16T18:20:32.003Z","transactTime":"2025-10-16T18:20:31.951Z"},{"symbol":"XBTUSD","id":141865170816,"side":"Sell","size":4400,"price":107858.7,"timestamp":"2025-10-16T18:20:32.003Z","transactTime":"2025-10-16T18:20:31.641Z"},{"symbol":"XBTUSD","id":141865171926,"side":"Sell","size":800,"price":107856.0,"timestamp":"2025-10-16T18:20:32.003Z","transactTime":"2025-10-16T18:20:31.848Z"},{"symbol":"XBTUSD","id":141865172367,"side":"Sell","size":1400,"price":107846.8,"timestamp":"2025-10-16T18:20:32.003Z","transactTime":"2025-10-16T18:20:31.951Z"},{"symbol":"XBTUSD","id":141865172444,"side":"Sell","size":100,"price":107845.6,"timestamp":"2025-10-16T18:20:32.003Z","transactTime":"2025-10-16T18:20:31.974Z"},{"symbol":"XBTUSD","id":141865172460,"side":"Sell","size":100,"price":107844.9,"timestamp":"2025-10-16T18:20:32.003Z","transactTime":"2025-10-16T18:20:31.980Z"},{"symbol":"XBTUSD","id":141865172312,"side":"Sell","size":400,"price":107830.1,"timestamp":"2025-10-16T18:20:32.003Z","transactTime":"2025-10-16T18:20:31.943Z"},{"symbol":"XBTUSD","id":141865004501,"side":"Buy","size":5000,"price":107830.0,"timestamp":"2025-10-16T18:20:32.003Z","transactTime":"2025-10-16T18:20:31.929Z"},{"symbol":"XBTUSD","id":141865170402,"side":"Buy","size":4500,"price":107825.4,"timestamp":"2025-10-16T18:20:32.003Z","transactTime":"2025-10-16T18:20:31.620Z"},{"symbol":"XBTUSD","id":141865172381,"side":"Buy","size":59900,"price":107822.6,"timestamp":"2025-10-16T18:20:32.003Z","transactTime":"2025-10-16T18:20:31.953Z"},{"symbol":"XBTUSD","id":141865171838,"side":"Buy","size":38200,"price":107822.4,"timestamp":"2025-10-16T18:20:32.003Z","transactTime":"2025-10-16T18:20:31.826Z"},{"symbol":"XBTUSD","id":141865170833,"side":"Buy","size":10900,"price":107822.0,"timestamp":"2025-10-16T18:20:32.003Z","transactTime":"2025-10-16T18:20:31.641Z"},{"symbol":"XBTUSD","id":141864998256,"side":"Buy","size":4400,"price":107821.9,"timestamp":"2025-10-16T18:20:32.003Z","transactTime":"2025-10-16T18:20:21.441Z"},{"symbol":"XBTUSD","id":141864990735,"side":"Buy","size":500,"price":107821.0,"timestamp":"2025-10-16T18:20:32.003Z","transactTime":"2025-10-16T18:20:25.673Z"},{"symbol":"XBTUSD","id":141865019272,"side":"Buy","size":500,"price":107820.0,"timestamp":"2025-10-16T18:20:32.003Z","transactTime":"2025-10-16T18:20:21.637Z"},{"symbol":"XBTUSD","id":141865010994,"side":"Buy","size":500,"price":107819.0,"timestamp":"2025-10-16T18:20:32.003Z","transactTime":"2025-10-16T18:20:21.645Z"},{"symbol":"XBTUSD","id":141865172442,"side":"Buy","size":100,"price":107818.7,"timestamp":"2025-10-16T18:20:32.003Z","transactTime":"2025-10-16T18:20:31.972Z"},{"symbol":"XBTUSD","id":141865172394,"side":"Buy","size":10900,"price":107817.3,"timestamp":"2025-10-16T18:20:32.003Z","transactTime":"2025-10-16T18:20:31.957Z"},{"symbol":"XBTUSD","id":141865172420,"side":"Buy","size":100,"price":107817.1,"timestamp":"2025-10-16T18:20:32.003Z","transactTime":"2025-10-16T18:20:31.972Z"},{"symbol":"XBTUSD","id":141865052585,"side":"Buy","size":4400,"price":107816.5,"timestamp":"2025-10-16T18:20:32.003Z","transactTime":"2025-10-16T18:20:22.038Z"},{"symbol":"XBTUSD","id":141865171588,"side":"Buy","size":16400,"price":107815.6,"timestamp":"2025-10-16T18:20:32.003Z","transactTime":"2025-10-16T18:20:31.757Z"},{"symbol":"XBTUSD","id":141865000310,"side":"Buy","size":3400,"price":107813.0,"timestamp":"2025-10-16T18:20:32.003Z","transactTime":"2025-10-16T18:20:21.691Z"},{"symbol":"XBTUSD","id":141865170453,"side":"Buy","size":4400,"price":107811.6,"timestamp":"2025-10-16T18:20:32.003Z","transactTime":"2025-10-16T18:20:31.622Z"},{"symbol":"XBTUSD","id":141865169265,"side":"Buy","size":30000,"price":107811.5,"timestamp":"2025-10-16T18:20:32.003Z","transactTime":"2025-10-16T18:20:31.510Z"},{"symbol":"XBTUSD","id":141865158373,"side":"Buy","size":4400,"price":107811.1,"timestamp":"2025-10-16T18:20:32.003Z","transactTime":"2025-10-16T18:20:30.820Z"},{"symbol":"XBTUSD","id":141864988028,"side":"Buy","size":500,"price":107810.0,"timestamp":"2025-10-16T18:20:32.003Z","transactTime":"2025-10-16T18:20:22.810Z"},{"symbol":"XBTUSD","id":141865171726,"side":"Buy","size":19700,"price":107806.7,"timestamp":"2025-10-16T18:20:32.003Z","transactTime":"2025-10-16T18:20:31.791Z"},{"symbol":"XBTUSD","id":141865171520,"side":"Buy","size":66100,"price":107806.6,"timestamp":"2025-10-16T18:20:32.003Z","transactTime":"2025-10-16T18:20:31.744Z"},{"symbol":"XBTUSD","id":141865171841,"side":"Buy","size":39200,"price":107805.1,"timestamp":"2025-10-16T18:20:32.003Z","transactTime":"2025-10-16T18:20:31.827Z"},{"symbol":"XBTUSD","id":141865169666,"side":"Buy","size":30000,"price":107805.0,"timestamp":"2025-10-16T18:20:32.003Z","transactTime":"2025-10-16T18:20:31.608Z"},{"symbol":"XBTUSD","id":141865169485,"side":"Buy","size":69100,"price":107804.9,"timestamp":"2025-10-16T18:20:32.003Z","transactTime":"2025-10-16T18:20:31.534Z"},{"symbol":"XBTUSD","id":141864995386,"side":"Buy","size":4400,"price":107804.8,"timestamp":"2025-10-16T18:20:32.003Z","transactTime":"2025-10-16T18:20:00.855Z"}]}[39m
> [2K[E[34m< {"success":true,"subscribe":"orderBook10:XBTUSD","request":{"op":"subscribe","args":["orderBookL2_25:XBTUSD","orderBook10:XBTUSD"]}}[39m
> [2K[E[34m< {"table":"orderBook10","action":"partial","keys":["symbol"],"types":{"symbol":"symbol","bids":"","asks":"","timestamp":"timestamp"},"filter":{"symbol":"XBTUSD"},"data":[{"symbol":"XBTUSD","bids":[[107822.6,49000],[107822.4,38200],[107822.0,10900],[107821.9,4400],[107821.0,500],[107820.0,500],[107819.0,500],[107817.3,10900],[107817.1,100],[107817.0,100]],"asks":[[107830.1,400],[107844.4,100],[107844.9,100],[107846.8,1400],[107856.0,800],[107858.7,4400],[107862.4,1700],[107867.1,3300],[107867.9,1300],[107868.0,500]],"timestamp":"2025-10-16T18:20:32.003Z"}]}[39m
> [2K[E[34m< {"table":"orderBookL2_25","action":"delete","data":[{"symbol":"XBTUSD","id":141865172402,"side":"Sell","price":107885.0,"timestamp":"2025-10-16T18:20:32.031Z","transactTime":"2025-10-16T18:20:32.020Z"},{"symbol":"XBTUSD","id":141865172433,"side":"Sell","price":107888.0,"timestamp":"2025-10-16T18:20:32.031Z","transactTime":"2025-10-16T18:20:31.996Z"},{"symbol":"XBTUSD","id":141865172444,"side":"Sell","price":107845.6,"timestamp":"2025-10-16T18:20:32.031Z","transactTime":"2025-10-16T18:20:31.988Z"},{"symbol":"XBTUSD","id":141865172460,"side":"Sell","price":107844.9,"timestamp":"2025-10-16T18:20:32.031Z","transactTime":"2025-10-16T18:20:32.012Z"},{"symbol":"XBTUSD","id":141865170884,"side":"Sell","price":107886.5,"timestamp":"2025-10-16T18:20:32.031Z","transactTime":"2025-10-16T18:20:32.010Z"},{"symbol":"XBTUSD","id":141865172367,"side":"Sell","price":107846.8,"timestamp":"2025-10-16T18:20:32.031Z","transactTime":"2025-10-16T18:20:32.006Z"},{"symbol":"XBTUSD","id":141865172437,"side":"Sell","price":107885.1,"timestamp":"2025-10-16T18:20:32.031Z","transactTime":"2025-10-16T18:20:32.024Z"},{"symbol":"XBTUSD","id":141865172429,"side":"Sell","price":107873.0,"timestamp":"2025-10-16T18:20:32.031Z","transactTime":"2025-10-16T18:20:32.019Z"},{"symbol":"XBTUSD","id":141865172420,"side":"Buy","price":107817.1,"timestamp":"2025-10-16T18:20:32.031Z","transactTime":"2025-10-16T18:20:32.020Z"},{"symbol":"XBTUSD","id":141865172381,"side":"Buy","price":107822.6,"timestamp":"2025-10-16T18:20:32.031Z","transactTime":"2025-10-16T18:20:32.014Z"},{"symbol":"XBTUSD","id":141865170402,"side":"Buy","price":107825.4,"timestamp":"2025-10-16T18:20:32.031Z","transactTime":"2025-10-16T18:20:31.991Z"},{"symbol":"XBTUSD","id":141865000310,"side":"Buy","price":107813.0,"timestamp":"2025-10-16T18:20:32.031Z","transactTime":"2025-10-16T18:20:31.996Z"},{"symbol":"XBTUSD","id":141865169485,"side":"Buy","price":107804.9,"timestamp":"2025-10-16T18:20:32.031Z","transactTime":"2025-10-16T18:20:32.007Z"},{"symbol":"XBTUSD","id":141865004501,"side":"Buy","price":107830.0,"timestamp":"2025-10-16T18:20:32.031Z","transactTime":"2025-10-16T18:20:31.991Z"},{"symbol":"XBTUSD","id":141865171838,"side":"Buy","price":107822.4,"timestamp":"2025-10-16T18:20:32.031Z","transactTime":"2025-10-16T18:20:32.007Z"},{"symbol":"XBTUSD","id":141865171588,"side":"Buy","price":107815.6,"timestamp":"2025-10-16T18:20:32.031Z","transactTime":"2025-10-16T18:20:31.999Z"},{"symbol":"XBTUSD","id":141865171841,"side":"Buy","price":107805.1,"timestamp":"2025-10-16T18:20:32.031Z","transactTime":"2025-10-16T18:20:32.011Z"},{"symbol":"XBTUSD","id":141865172442,"side":"Buy","price":107818.7,"timestamp":"2025-10-16T18:20:32.031Z","transactTime":"2025-10-16T18:20:31.987Z"}]}[39m
> [2K[E[34m< {"table":"orderBookL2_25","action":"update","data":[{"symbol":"XBTUSD","id":141865172312,"side":"Sell","size":700,"price":107830.1,"timestamp":"2025-10-16T18:20:32.031Z","transactTime":"2025-10-16T18:20:32.024Z"}]}[39m
> [2K[E[34m< {"table":"orderBookL2_25","action":"insert","data":[{"symbol":"XBTUSD","id":141865172555,"side":"Sell","size":36100,"price":107877.0,"timestamp":"2025-10-16T18:20:32.031Z","transactTime":"2025-10-16T18:20:32.006Z"},{"symbol":"XBTUSD","id":141865172754,"side":"Sell","size":3000,"price":107884.1,"timestamp":"2025-10-16T18:20:32.031Z","transactTime":"2025-10-16T18:20:32.024Z"},{"symbol":"XBTUSD","id":141865172500,"side":"Sell","size":1300,"price":107855.9,"timestamp":"2025-10-16T18:20:32.031Z","transactTime":"2025-10-16T18:20:31.996Z"},{"symbol":"XBTUSD","id":141865172521,"side":"Sell","size":4000,"price":107887.0,"timestamp":"2025-10-16T18:20:32.031Z","transactTime":"2025-10-16T18:20:32.002Z"},{"symbol":"XBTUSD","id":141865172779,"side":"Sell","size":3000,"price":107881.0,"timestamp":"2025-10-16T18:20:32.031Z","transactTime":"2025-10-16T18:20:32.025Z"},{"symbol":"XBTUSD","id":141865172622,"side":"Sell","size":200,"price":107839.2,"timestamp":"2025-10-16T18:20:32.031Z","transactTime":"2025-10-16T18:20:32.016Z"},{"symbol":"XBTUSD","id":141865172624,"side":"Sell","size":201700,"price":107880.4,"timestamp":"2025-10-16T18:20:32.031Z","transactTime":"2025-10-16T18:20:32.012Z"},{"symbol":"XBTUSD","id":141865172696,"side":"Sell","size":10900,"price":107867.0,"timestamp":"2025-10-16T18:20:32.031Z","transactTime":"2025-10-16T18:20:32.019Z"},{"symbol":"XBTUSD","id":141865172562,"side":"Buy","size":66500,"price":107800.5,"timestamp":"2025-10-16T18:20:32.031Z","transactTime":"2025-10-16T18:20:32.007Z"},{"symbol":"XBTUSD","id":141865171548,"side":"Buy","size":11900,"price":107800.4,"timestamp":"2025-10-16T18:20:32.031Z","transactTime":"2025-10-16T18:20:31.750Z"},{"symbol":"XBTUSD","id":141865172617,"side":"Buy","size":100,"price":107813.2,"timestamp":"2025-10-16T18:20:32.031Z","transactTime":"2025-10-16T18:20:32.023Z"},{"symbol":"XBTUSD","id":141865172734,"side":"Buy","size":59900,"price":107822.1,"timestamp":"2025-10-16T18:20:32.031Z","transactTime":"2025-10-16T18:20:32.022Z"},{"symbol":"XBTUSD","id":141864998605,"side":"Buy","size":3400,"price":107803.0,"timestamp":"2025-10-16T18:20:32.031Z","transactTime":"2025-10-16T18:20:25.714Z"},{"symbol":"XBTUSD","id":141865172504,"side":"Buy","size":8400,"price":107830.0,"timestamp":"2025-10-16T18:20:32.031Z","transactTime":"2025-10-16T18:20:32.027Z"},{"symbol":"XBTUSD","id":141865172570,"side":"Buy","size":34200,"price":107819.1,"timestamp":"2025-10-16T18:20:32.031Z","transactTime":"2025-10-16T18:20:32.007Z"},{"symbol":"XBTUSD","id":141865088090,"side":"Buy","size":10700,"price":107800.0,"timestamp":"2025-10-16T18:20:32.031Z","transactTime":"2025-10-16T18:20:27.538Z"},{"symbol":"XBTUSD","id":141865145244,"side":"Buy","size":318300,"price":107800.1,"timestamp":"2025-10-16T18:20:32.031Z","transactTime":"2025-10-16T18:20:31.811Z"},{"symbol":"XBTUSD","id":141865172748,"side":"Buy","size":100,"price":107814.2,"timestamp":"2025-10-16T18:20:32.031Z","transactTime":"2025-10-16T18:20:32.023Z"}]}[39m
> [2K[E[34m< {"table":"orderBook10","action":"update","data":[{"symbol":"XBTUSD","bids":[[107830.0,8400],[107822.1,59900],[107822.0,10900],[107821.9,4400],[107821.0,500],[107820.0,500],[107819.1,34200],[107819.0,500],[107817.3,10900],[107816.5,4400]],"asks":[[107830.1,700],[107840.3,200],[107855.9,1300],[107856.0,800],[107858.7,4400],[107862.4,1700],[107863.6,8800],[107867.0,10900],[107867.1,3300],[107867.9,1300]],"timestamp":"2025-10-16T18:20:32.043Z"}]}[39m
> [2K[E[34m< {"table":"orderBookL2_25","action":"delete","data":[{"symbol":"XBTUSD","id":141865172312,"side":"Sell","price":107830.1,"timestamp":"2025-10-16T18:20:32.080Z","transactTime":"2025-10-16T18:20:32.076Z"},{"symbol":"XBTUSD","id":141865172386,"side":"Sell","price":107869.4,"timestamp":"2025-10-16T18:20:32.080Z","transactTime":"2025-10-16T18:20:32.051Z"},{"symbol":"XBTUSD","id":141865172754,"side":"Sell","price":107884.1,"timestamp":"2025-10-16T18:20:32.080Z","transactTime":"2025-10-16T18:20:32.032Z"},{"symbol":"XBTUSD","id":141865172622,"side":"Sell","price":107839.2,"timestamp":"2025-10-16T18:20:32.080Z","transactTime":"2025-10-16T18:20:32.037Z"},{"symbol":"XBTUSD","id":141865172521,"side":"Sell","price":107887.0,"timestamp":"2025-10-16T18:20:32.080Z","transactTime":"2025-10-16T18:20:32.029Z"},{"symbol":"XBTUSD","id":141865172696,"side":"Sell","price":107867.0,"timestamp":"2025-10-16T18:20:32.080Z","transactTime":"2025-10-16T18:20:32.041Z"},{"symbol":"XBTUSD","id":141865170833,"side":"Buy","price":107822.0,"timestamp":"2025-10-16T18:20:32.080Z","transactTime":"2025-10-16T18:20:32.051Z"},{"symbol":"XBTUSD","id":141865172748,"side":"Buy","price":107814.2,"timestamp":"2025-10-16T18:20:32.080Z","transactTime":"2025-10-16T18:20:32.035Z"},{"symbol":"XBTUSD","id":141865088090,"side":"Buy","price":107800.0,"timestamp":"2025-10-16T18:20:32.080Z","transactTime":"2025-10-16T18:20:32.071Z"},{"symbol":"XBTUSD","id":141865172734,"side":"Buy","price":107822.1,"timestamp":"2025-10-16T18:20:32.080Z","transactTime":"2025-10-16T18:20:32.046Z"},{"symbol":"XBTUSD","id":141865172617,"side":"Buy","price":107813.2,"timestamp":"2025-10-16T18:20:32.080Z","transactTime":"2025-10-16T18:20:32.032Z"}]}[39m
> [2K[E[34m< {"table":"orderBookL2_25","action":"update","data":[{"symbol":"XBTUSD","id":141865168192,"side":"Sell","size":4400,"price":107885.7,"timestamp":"2025-10-16T18:20:32.080Z","transactTime":"2025-10-16T18:20:31.820Z"},{"symbol":"XBTUSD","id":141865168180,"side":"Sell","size":8800,"price":107883.7,"timestamp":"2025-10-16T18:20:32.080Z","transactTime":"2025-10-16T18:20:31.679Z"},{"symbol":"XBTUSD","id":141865172504,"side":"Buy","size":5300,"price":107830.0,"timestamp":"2025-10-16T18:20:32.080Z","transactTime":"2025-10-16T18:20:32.049Z"},{"symbol":"XBTUSD","id":141865170453,"side":"Buy","size":14700,"price":107811.6,"timestamp":"2025-10-16T18:20:32.080Z","transactTime":"2025-10-16T18:20:32.050Z"}]}[39m
> [2K[E[34m< {"table":"orderBookL2_25","action":"insert","data":[{"symbol":"XBTUSD","id":141865172823,"side":"Sell","size":8800,"price":107863.6,"timestamp":"2025-10-16T18:20:32.080Z","transactTime":"2025-10-16T18:20:32.029Z"},{"symbol":"XBTUSD","id":141865172875,"side":"Sell","size":100,"price":107840.3,"timestamp":"2025-10-16T18:20:32.080Z","transactTime":"2025-10-16T18:20:32.048Z"},{"symbol":"XBTUSD","id":141865172850,"side":"Sell","size":3000,"price":107881.1,"timestamp":"2025-10-16T18:20:32.080Z","transactTime":"2025-10-16T18:20:32.032Z"},{"symbol":"XBTUSD","id":141865173177,"side":"Sell","size":10900,"price":107869.2,"timestamp":"2025-10-16T18:20:32.080Z","transactTime":"2025-10-16T18:20:32.074Z"},{"symbol":"XBTUSD","id":141865172925,"side":"Sell","size":10900,"price":107869.3,"timestamp":"2025-10-16T18:20:32.080Z","transactTime":"2025-10-16T18:20:32.041Z"},{"symbol":"XBTUSD","id":141865173126,"side":"Sell","size":8800,"price":107860.8,"timestamp":"2025-10-16T18:20:32.080Z","transactTime":"2025-10-16T18:20:32.060Z"},{"symbol":"XBTUSD","id":141865173030,"side":"Buy","size":100,"price":107813.9,"timestamp":"2025-10-16T18:20:32.080Z","transactTime":"2025-10-16T18:20:32.068Z"},{"symbol":"XBTUSD","id":141865173172,"side":"Buy","size":10900,"price":107822.0,"timestamp":"2025-10-16T18:20:32.080Z","transactTime":"2025-10-16T18:20:32.074Z"},{"symbol":"XBTUSD","id":141865173131,"side":"Buy","size":59900,"price":107819.3,"timestamp":"2025-10-16T18:20:32.080Z","transactTime":"2025-10-16T18:20:32.061Z"},{"symbol":"XBTUSD","id":141865173157,"side":"Buy","size":36100,"price":107819.4,"timestamp":"2025-10-16T18:20:32.080Z","transactTime":"2025-10-16T18:20:32.071Z"},{"symbol":"XBTUSD","id":141865173118,"side":"Buy","size":34700,"price":107805.1,"timestamp":"2025-10-16T18:20:32.080Z","transactTime":"2025-10-16T18:20:32.058Z"}]}[39m
> [2K[E[34m< {"table":"orderBook10","action":"update","data":[{"symbol":"XBTUSD","bids":[[107830.0,5300],[107822.0,10900],[107821.9,4400],[107821.0,500],[107820.0,500],[107819.4,36100],[107819.3,59900],[107819.1,34200],[107819.0,500],[107817.3,10900]],"asks":[[107840.2,700],[107840.3,100],[107855.9,1300],[107856.0,800],[107858.7,4400],[107860.8,8800],[107860.9,8800],[107862.4,1700],[107863.6,8800],[107867.1,3300]],"timestamp":"2025-10-16T18:20:32.092Z"}]}[39m
> [2K[E[34m< {"table":"orderBookL2_25","action":"delete","data":[{"symbol":"XBTUSD","id":141865172875,"side":"Sell","price":107840.3,"timestamp":"2025-10-16T18:20:32.129Z","transactTime":"2025-10-16T18:20:32.094Z"},{"symbol":"XBTUSD","id":141865172779,"side":"Sell","price":107881.0,"timestamp":"2025-10-16T18:20:32.129Z","transactTime":"2025-10-16T18:20:32.111Z"},{"symbol":"XBTUSD","id":141865172555,"side":"Sell","price":107877.0,"timestamp":"2025-10-16T18:20:32.129Z","transactTime":"2025-10-16T18:20:32.100Z"},{"symbol":"XBTUSD","id":141865168180,"side":"Sell","price":107883.7,"timestamp":"2025-10-16T18:20:32.129Z","transactTime":"2025-10-16T18:20:32.102Z"},{"symbol":"XBTUSD","id":141865172850,"side":"Sell","price":107881.1,"timestamp":"2025-10-16T18:20:32.129Z","transactTime":"2025-10-16T18:20:32.109Z"},{"symbol":"XBTUSD","id":141865173177,"side":"Sell","price":107869.2,"timestamp":"2025-10-16T18:20:32.129Z","transactTime":"2025-10-16T18:20:32.088Z"},{"symbol":"XBTUSD","id":141865172925,"side":"Sell","price":107869.3,"timestamp":"2025-10-16T18:20:32.129Z","transactTime":"2025-10-16T18:20:32.088Z"},{"symbol":"XBTUSD","id":141865168192,"side":"Sell","price":107885.7,"timestamp":"2025-10-16T18:20:32.129Z","transactTime":"2025-10-16T18:20:32.079Z"},{"symbol":"XBTUSD","id":141865173030,"side":"Buy","price":107813.9,"timestamp":"2025-10-16T18:20:32.129Z","transactTime":"2025-10-16T18:20:32.098Z"},{"symbol":"XBTUSD","id":141865145244,"side":"Buy","price":107800.1,"timestamp":"2025-10-16T18:20:32.129Z","transactTime":"2025-10-16T18:20:32.094Z"}]}[39m
> [2K[E[34m< {"table":"orderBookL2_25","action":"update","data":[{"symbol":"XBTUSD","id":141865170481,"side":"Sell","size":2000,"price":107882.6,"timestamp":"2025-10-16T18:20:32.129Z","transactTime":"2025-10-16T18:20:31.622Z"},{"symbol":"XBTUSD","id":141865171488,"side":"Sell","size":1020000,"price":107882.1,"timestamp":"2025-10-16T18:20:32.129Z","transactTime":"2025-10-16T18:20:31.739Z"},{"symbol":"XBTUSD","id":141865172504,"side":"Buy","size":6400,"price":107830.0,"timestamp":"2025-10-16T18:20:32.129Z","transactTime":"2025-10-16T18:20:32.113Z"},{"symbol":"XBTUSD","id":141865171548,"side":"Buy","size":11900,"price":107800.4,"timestamp":"2025-10-16T18:20:32.129Z","transactTime":"2025-10-16T18:20:31.750Z"}]}[39m
> [2K[E[34m< {"table":"orderBookL2_25","action":"insert","data":[{"symbol":"XBTUSD","id":141865173366,"side":"Sell","size":35200,"price":107880.2,"timestamp":"2025-10-16T18:20:32.129Z","transactTime":"2025-10-16T18:20:32.100Z"},{"symbol":"XBTUSD","id":141865173213,"side":"Sell","size":8800,"price":107860.9,"timestamp":"2025-10-16T18:20:32.129Z","transactTime":"2025-10-16T18:20:32.079Z"},{"symbol":"XBTUSD","id":141865173414,"side":"Sell","size":3000,"price":107880.0,"timestamp":"2025-10-16T18:20:32.129Z","transactTime":"2025-10-16T18:20:32.111Z"},{"symbol":"XBTUSD","id":141865173235,"side":"Sell","size":1400,"price":107840.2,"timestamp":"2025-10-16T18:20:32.129Z","transactTime":"2025-10-16T18:20:32.113Z"},{"symbol":"XBTUSD","id":141865173402,"side":"Sell","size":3000,"price":107880.1,"timestamp":"2025-10-16T18:20:32.129Z","transactTime":"2025-10-16T18:20:32.109Z"},{"symbol":"XBTUSD","id":141865173433,"side":"Sell","size":200,"price":107856.7,"timestamp":"2025-10-16T18:20:32.129Z","transactTime":"2025-10-16T18:20:32.119Z"},{"symbol":"XBTUSD","id":141865173419,"side":"Sell","size":700,"price":107840.0,"timestamp":"2025-10-16T18:20:32.129Z","transactTime":"2025-10-16T18:20:32.116Z"},{"symbol":"XBTUSD","id":141865173295,"side":"Sell","size":21800,"price":107874.7,"timestamp":"2025-10-16T18:20:32.129Z","transactTime":"2025-10-16T18:20:32.088Z"},{"symbol":"XBTUSD","id":141865173406,"side":"Buy","size":200,"price":107810.5,"timestamp":"2025-10-16T18:20:32.129Z","transactTime":"2025-10-16T18:20:32.111Z"},{"symbol":"XBTUSD","id":141865173321,"side":"Buy","size":4600,"price":107822.1,"timestamp":"2025-10-16T18:20:32.129Z","transactTime":"2025-10-16T18:20:32.094Z"}]}[39m
> [2K[E[34m< {"table":"orderBook10","action":"update","data":[{"symbol":"XBTUSD","bids":[[107830.0,7200],[107822.1,4600],[107822.0,10900],[107821.9,4400],[107821.0,500],[107820.0,500],[107819.4,36100],[107819.3,59900],[107819.1,34200],[107819.0,500]],"asks":[[107839.8,400],[107839.9,300],[107840.2,1400],[107854.6,100],[107855.3,100],[107855.9,1300],[107856.0,800],[107858.7,4400],[107860.8,8800],[107860.9,8800]],"timestamp":"2025-10-16T18:20:32.141Z"}]}[39m
> [2K[E[34m< {"table":"orderBookL2_25","action":"delete","data":[{"symbol":"XBTUSD","id":141865173414,"side":"Sell","price":107880.0,"timestamp":"2025-10-16T18:20:32.178Z","transactTime":"2025-10-16T18:20:32.165Z"},{"symbol":"XBTUSD","id":141865173419,"side":"Sell","price":107840.0,"timestamp":"2025-10-16T18:20:32.178Z","transactTime":"2025-10-16T18:20:32.139Z"},{"symbol":"XBTUSD","id":141865171488,"side":"Sell","price":107882.1,"timestamp":"2025-10-16T18:20:32.178Z","transactTime":"2025-10-16T18:20:32.145Z"},{"symbol":"XBTUSD","id":141865173402,"side":"Sell","price":107880.1,"timestamp":"2025-10-16T18:20:32.178Z","transactTime":"2025-10-16T18:20:32.170Z"},{"symbol":"XBTUSD","id":141865170481,"side":"Sell","price":107882.6,"timestamp":"2025-10-16T18:20:32.178Z","transactTime":"2025-10-16T18:20:32.133Z"},{"symbol":"XBTUSD","id":141865173433,"side":"Sell","price":107856.7,"timestamp":"2025-10-16T18:20:32.178Z","transactTime":"2025-10-16T18:20:32.138Z"},{"symbol":"XBTUSD","id":141865173406,"side":"Buy","price":107810.5,"timestamp":"2025-10-16T18:20:32.178Z","transactTime":"2025-10-16T18:20:32.131Z"}]}[39m
> [2K[E[34m< {"table":"orderBookL2_25","action":"update","data":[{"symbol":"XBTUSD","id":141865172624,"side":"Sell","size":201700,"price":107880.4,"timestamp":"2025-10-16T18:20:32.178Z","transactTime":"2025-10-16T18:20:32.012Z"},{"symbol":"XBTUSD","id":141865172504,"side":"Buy","size":7200,"price":107830.0,"timestamp":"2025-10-16T18:20:32.178Z","transactTime":"2025-10-16T18:20:32.129Z"},{"symbol":"XBTUSD","id":141865171548,"side":"Buy","size":11900,"price":107800.4,"timestamp":"2025-10-16T18:20:32.178Z","transactTime":"2025-10-16T18:20:31.750Z"}]}[39m
> [2K[E[34m< {"table":"orderBookL2_25","action":"insert","data":[{"symbol":"XBTUSD","id":141865173533,"side":"Sell","size":400,"price":107839.8,"timestamp":"2025-10-16T18:20:32.178Z","transactTime":"2025-10-16T18:20:32.138Z"},{"symbol":"XBTUSD","id":141865173669,"side":"Sell","size":3000,"price":107879.0,"timestamp":"2025-10-16T18:20:32.178Z","transactTime":"2025-10-16T18:20:32.165Z"},{"symbol":"XBTUSD","id":141865173695,"side":"Sell","size":3000,"price":107879.1,"timestamp":"2025-10-16T18:20:32.178Z","transactTime":"2025-10-16T18:20:32.170Z"},{"symbol":"XBTUSD","id":141865173658,"side":"Sell","size":100,"price":107854.2,"timestamp":"2025-10-16T18:20:32.178Z","transactTime":"2025-10-16T18:20:32.162Z"},{"symbol":"XBTUSD","id":141865173568,"side":"Sell","size":4000,"price":107882.0,"timestamp":"2025-10-16T18:20:32.178Z","transactTime":"2025-10-16T18:20:32.145Z"},{"symbol":"XBTUSD","id":141865173531,"side":"Sell","size":100,"price":107854.6,"timestamp":"2025-10-16T18:20:32.178Z","transactTime":"2025-10-16T18:20:32.138Z"},{"symbol":"XBTUSD","id":141865173538,"side":"Buy","size":200,"price":107810.1,"timestamp":"2025-10-16T18:20:32.178Z","transactTime":"2025-10-16T18:20:32.148Z"}]}[39m
> [2K[E[34m< {"table":"orderBook10","action":"update","data":[{"symbol":"XBTUSD","bids":[[107830.0,7200],[107822.1,4600],[107822.0,10900],[107821.9,4400],[107821.0,500],[107820.0,500],[107819.4,36100],[107819.3,59900],[107819.1,34200],[107819.0,500]],"asks":[[107839.8,400],[107840.2,1400],[107854.6,100],[107855.3,100],[107855.9,1300],[107856.0,800],[107858.7,4400],[107860.8,8800],[107860.9,8800],[107862.4,1700]],"timestamp":"2025-10-16T18:20:32.190Z"}]}[39m
> [2K[E[34m< {"table":"orderBookL2_25","action":"delete","data":[{"symbol":"XBTUSD","id":141865173235,"side":"Sell","price":107840.2,"timestamp":"2025-10-16T18:20:32.227Z","transactTime":"2025-10-16T18:20:32.201Z"},{"symbol":"XBTUSD","id":141865173658,"side":"Sell","price":107854.2,"timestamp":"2025-10-16T18:20:32.227Z","transactTime":"2025-10-16T18:20:32.181Z"},{"symbol":"XBTUSD","id":141865172624,"side":"Sell","price":107880.4,"timestamp":"2025-10-16T18:20:32.227Z","transactTime":"2025-10-16T18:20:32.221Z"},{"symbol":"XBTUSD","id":141865173533,"side":"Sell","price":107839.8,"timestamp":"2025-10-16T18:20:32.227Z","transactTime":"2025-10-16T18:20:32.202Z"},{"symbol":"XBTUSD","id":141865173695,"side":"Sell","price":107879.1,"timestamp":"2025-10-16T18:20:32.227Z","transactTime":"2025-10-16T18:20:32.213Z"},{"symbol":"XBTUSD","id":141865172823,"side":"Sell","price":107863.6,"timestamp":"2025-10-16T18:20:32.227Z","transactTime":"2025-10-16T18:20:32.179Z"},{"symbol":"XBTUSD","id":141865168560,"side":"Sell","price":107867.9,"timestamp":"2025-10-16T18:20:32.227Z","transactTime":"2025-10-16T18:20:32.197Z"},{"symbol":"XBTUSD","id":141865173669,"side":"Sell","price":107879.0,"timestamp":"2025-10-16T18:20:32.227Z","transactTime":"2025-10-16T18:20:32.213Z"},{"symbol":"XBTUSD","id":141865173568,"side":"Sell","price":107882.0,"timestamp":"2025-10-16T18:20:32.227Z","transactTime":"2025-10-16T18:20:32.179Z"},{"symbol":"XBTUSD","id":141865169779,"side":"Sell","price":107880.3,"timestamp":"2025-10-16T18:20:32.227Z","transactTime":"2025-10-16T18:20:32.224Z"},{"symbol":"XBTUSD","id":141865173531,"side":"Sell","price":107854.6,"timestamp":"2025-10-16T18:20:32.227Z","transactTime":"2025-10-16T18:20:32.198Z"},{"symbol":"XBTUSD","id":141865173538,"side":"Buy","price":107810.1,"timestamp":"2025-10-16T18:20:32.227Z","transactTime":"2025-10-16T18:20:32.206Z"},{"symbol":"XBTUSD","id":141865171548,"side":"Buy","price":107800.4,"timestamp":"2025-10-16T18:20:32.227Z","transactTime":"2025-10-16T18:20:32.216Z"}]}[39m
> [2K[E[34m< {"table":"orderBookL2_25","action":"update","data":[{"symbol":"XBTUSD","id":141865172500,"side":"Sell","size":3200,"price":107855.9,"timestamp":"2025-10-16T18:20:32.227Z","transactTime":"2025-10-16T18:20:32.216Z"},{"symbol":"XBTUSD","id":141865172504,"side":"Buy","size":2200,"price":107830.0,"timestamp":"2025-10-16T18:20:32.227Z","transactTime":"2025-10-16T18:20:32.192Z"}]}[39m
> [2K[E[34m< {"table":"orderBookL2_25","action":"insert","data":[{"symbol":"XBTUSD","id":141865173751,"side":"Sell","size":4000,"price":107880.1,"timestamp":"2025-10-16T18:20:32.227Z","transactTime":"2025-10-16T18:20:32.182Z"},{"symbol":"XBTUSD","id":141865173863,"side":"Sell","size":3000,"price":107878.0,"timestamp":"2025-10-16T18:20:32.227Z","transactTime":"2025-10-16T18:20:32.213Z"},{"symbol":"XBTUSD","id":141865173910,"side":"Sell","size":5800,"price":107860.7,"timestamp":"2025-10-16T18:20:32.227Z","transactTime":"2025-10-16T18:20:32.224Z"},{"symbol":"XBTUSD","id":141865173796,"side":"Sell","size":1300,"price":107858.6,"timestamp":"2025-10-16T18:20:32.227Z","transactTime":"2025-10-16T18:20:32.197Z"},{"symbol":"XBTUSD","id":141865173844,"side":"Sell","size":300,"price":107839.6,"timestamp":"2025-10-16T18:20:32.227Z","transactTime":"2025-10-16T18:20:32.208Z"},{"symbol":"XBTUSD","id":141865173798,"side":"Sell","size":1400,"price":107839.7,"timestamp":"2025-10-16T18:20:32.227Z","transactTime":"2025-10-16T18:20:32.213Z"},{"symbol":"XBTUSD","id":141865173889,"side":"Sell","size":100,"price":107852.0,"timestamp":"2025-10-16T18:20:32.227Z","transactTime":"2025-10-16T18:20:32.218Z"},{"symbol":"XBTUSD","id":141865173892,"side":"Sell","size":100,"price":107850.4,"timestamp":"2025-10-16T18:20:32.227Z","transactTime":"2025-10-16T18:20:32.220Z"},{"symbol":"XBTUSD","id":141865173896,"side":"Sell","size":300,"price":107839.5,"timestamp":"2025-10-16T18:20:32.227Z","transactTime":"2025-10-16T18:20:32.221Z"},{"symbol":"XBTUSD","id":141865173740,"side":"Sell","size":4000,"price":107880.0,"timestamp":"2025-10-16T18:20:32.227Z","transactTime":"2025-10-16T18:20:32.179Z"},{"symbol":"XBTUSD","id":141865173858,"side":"Sell","size":3000,"price":107878.1,"timestamp":"2025-10-16T18:20:32.227Z","transactTime":"2025-10-16T18:20:32.213Z"},{"symbol":"XBTUSD","id":141865173885,"side":"Buy","size":100,"price":107807.1,"timestamp":"2025-10-16T18:20:32.227Z","transactTime":"2025-10-16T18:20:32.218Z"},{"symbol":"XBTUSD","id":141865173874,"side":"Buy","size":100,"price":107806.0,"timestamp":"2025-10-16T18:20:32.227Z","transactTime":"2025-10-16T18:20:32.216Z"}]}[39m
> [2K[E[34m< {"table":"orderBook10","action":"update","data":[{"symbol":"XBTUSD","bids":[[107830.0,2200],[107822.1,4600],[107822.0,10900],[107821.9,4400],[107821.0,500],[107820.0,500],[107819.4,36100],[107819.3,59900],[107819.1,34200],[107819.0,500]],"asks":[[107839.5,300],[107839.7,1400],[107850.4,100],[107853.2,100],[107855.9,3200],[107856.0,800],[107858.6,1300],[107858.7,4400],[107860.7,5800],[107860.8,8800]],"timestamp":"2025-10-16T18:20:32.239Z"}]}[39m
> [2K[E[34m< {"table":"orderBookL2_25","action":"delete","data":[{"symbol":"XBTUSD","id":141865173751,"side":"Sell","price":107880.1,"timestamp":"2025-10-16T18:20:32.276Z","transactTime":"2025-10-16T18:20:32.240Z"},{"symbol":"XBTUSD","id":141865173863,"side":"Sell","price":107878.0,"timestamp":"2025-10-16T18:20:32.276Z","transactTime":"2025-10-16T18:20:32.229Z"},{"symbol":"XBTUSD","id":141865173844,"side":"Sell","price":107839.6,"timestamp":"2025-10-16T18:20:32.276Z","transactTime":"2025-10-16T18:20:32.225Z"},{"symbol":"XBTUSD","id":141865173889,"side":"Sell","price":107852.0,"timestamp":"2025-10-16T18:20:32.276Z","transactTime":"2025-10-16T18:20:32.234Z"},{"symbol":"XBTUSD","id":141865173892,"side":"Sell","price":107850.4,"timestamp":"2025-10-16T18:20:32.276Z","transactTime":"2025-10-16T18:20:32.240Z"},{"symbol":"XBTUSD","id":141865173366,"side":"Sell","price":107880.2,"timestamp":"2025-10-16T18:20:32.276Z","transactTime":"2025-10-16T18:20:32.242Z"},{"symbol":"XBTUSD","id":141865173896,"side":"Sell","price":107839.5,"timestamp":"2025-10-16T18:20:32.276Z","transactTime":"2025-10-16T18:20:32.258Z"},{"symbol":"XBTUSD","id":141865173740,"side":"Sell","price":107880.0,"timestamp":"2025-10-16T18:20:32.276Z","transactTime":"2025-10-16T18:20:32.233Z"},{"symbol":"XBTUSD","id":141865173858,"side":"Sell","price":107878.1,"timestamp":"2025-10-16T18:20:32.276Z","transactTime":"2025-10-16T18:20:32.232Z"},{"symbol":"XBTUSD","id":141865171726,"side":"Buy","price":107806.7,"timestamp":"2025-10-16T18:20:32.276Z","transactTime":"2025-10-16T18:20:32.244Z"},{"symbol":"XBTUSD","id":141865173885,"side":"Buy","price":107807.1,"timestamp":"2025-10-16T18:20:32.276Z","transactTime":"2025-10-16T18:20:32.227Z"},{"symbol":"XBTUSD","id":141865173874,"side":"Buy","price":107806.0,"timestamp":"2025-10-16T18:20:32.276Z","transactTime":"2025-10-16T18:20:32.234Z"}]}[39m
> [2K[E[34m< {"table":"orderBookL2_25","action":"update","data":[{"symbol":"XBTUSD","id":141865171926,"side":"Sell","size":1000,"price":107856.0,"timestamp":"2025-10-16T18:20:32.276Z","transactTime":"2025-10-16T18:20:32.259Z"},{"symbol":"XBTUSD","id":141865173295,"side":"Sell","size":10900,"price":107874.7,"timestamp":"2025-10-16T18:20:32.276Z","transactTime":"2025-10-16T18:20:32.238Z"},{"symbol":"XBTUSD","id":141865171522,"side":"Sell","size":9900,"price":107877.1,"timestamp":"2025-10-16T18:20:32.276Z","transactTime":"2025-10-16T18:20:32.248Z"}]}[39m
> [2K[E[34m< {"table":"orderBookL2_25","action":"insert","data":[{"symbol":"XBTUSD","id":141865174094,"side":"Sell","size":300,"price":107839.4,"timestamp":"2025-10-16T18:20:32.276Z","transactTime":"2025-10-16T18:20:32.247Z"},{"symbol":"XBTUSD","id":141865174098,"side":"Sell","size":3000,"price":107880.1,"timestamp":"2025-10-16T18:20:32.276Z","transactTime":"2025-10-16T18:20:32.248Z"},{"symbol":"XBTUSD","id":141865172624,"side":"Sell","size":201700,"price":107880.4,"timestamp":"2025-10-16T18:20:32.276Z","transactTime":"2025-10-16T18:20:32.012Z"},{"symbol":"XBTUSD","id":141865174109,"side":"Sell","size":4000,"price":107882.0,"timestamp":"2025-10-16T18:20:32.276Z","transactTime":"2025-10-16T18:20:32.249Z"},{"symbol":"XBTUSD","id":141865174106,"side":"Sell","size":3000,"price":107880.0,"timestamp":"2025-10-16T18:20:32.276Z","transactTime":"2025-10-16T18:20:32.248Z"},{"symbol":"XBTUSD","id":141865169779,"side":"Sell","size":3300,"price":107880.3,"timestamp":"2025-10-16T18:20:32.276Z","transactTime":"2025-10-16T18:20:31.563Z"},{"symbol":"XBTUSD","id":141865173974,"side":"Sell","size":2400,"price":107867.0,"timestamp":"2025-10-16T18:20:32.276Z","transactTime":"2025-10-16T18:20:32.233Z"},{"symbol":"XBTUSD","id":141865171488,"side":"Sell","size":1024000,"price":107882.1,"timestamp":"2025-10-16T18:20:32.276Z","transactTime":"2025-10-16T18:20:32.246Z"},{"symbol":"XBTUSD","id":141865173935,"side":"Sell","size":10900,"price":107877.0,"timestamp":"2025-10-16T18:20:32.276Z","transactTime":"2025-10-16T18:20:32.248Z"},{"symbol":"XBTUSD","id":141865174131,"side":"Buy","size":100,"price":107813.1,"timestamp":"2025-10-16T18:20:32.276Z","transactTime":"2025-10-16T18:20:32.256Z"},{"symbol":"XBTUSD","id":141865174053,"side":"Buy","size":1019300,"price":107806.8,"timestamp":"2025-10-16T18:20:32.276Z","transactTime":"2025-10-16T18:20:32.241Z"},{"symbol":"XBTUSD","id":141865174186,"side":"Buy","size":100,"price":107813.6,"timestamp":"2025-10-16T18:20:32.276Z","transactTime":"2025-10-16T18:20:32.269Z"}]}[39m
> [2K[E[34m< {"table":"orderBook10","action":"update","data":[{"symbol":"XBTUSD","bids":[[107830.0,2200],[107822.1,4600],[107822.0,10900],[107821.9,4400],[107821.0,500],[107820.0,500],[107819.4,36100],[107819.3,59900],[107819.1,34200],[107819.0,500]],"asks":[[107839.4,300],[107839.7,1400],[107855.9,3200],[107856.0,1000],[107858.6,1300],[107858.7,4400],[107860.7,5800],[107860.8,8800],[107860.9,8800],[107862.4,1700]],"timestamp":"2025-10-16T18:20:32.288Z"}]}[39m
> [2K[E[34m< {"table":"orderBookL2_25","action":"delete","data":[{"symbol":"XBTUSD","id":141865173126,"side":"Sell","price":107860.8,"timestamp":"2025-10-16T18:20:32.325Z","transactTime":"2025-10-16T18:20:32.312Z"},{"symbol":"XBTUSD","id":141865174094,"side":"Sell","price":107839.4,"timestamp":"2025-10-16T18:20:32.325Z","transactTime":"2025-10-16T18:20:32.292Z"},{"symbol":"XBTUSD","id":141865173910,"side":"Sell","price":107860.7,"timestamp":"2025-10-16T18:20:32.325Z","transactTime":"2025-10-16T18:20:32.316Z"},{"symbol":"XBTUSD","id":141865174098,"side":"Sell","price":107880.1,"timestamp":"2025-10-16T18:20:32.325Z","transactTime":"2025-10-16T18:20:32.300Z"},{"symbol":"XBTUSD","id":141865173213,"side":"Sell","price":107860.9,"timestamp":"2025-10-16T18:20:32.325Z","transactTime":"2025-10-16T18:20:32.312Z"},{"symbol":"XBTUSD","id":141865172624,"side":"Sell","price":107880.4,"timestamp":"2025-10-16T18:20:32.325Z","transactTime":"2025-10-16T18:20:32.299Z"},{"symbol":"XBTUSD","id":141865174106,"side":"Sell","price":107880.0,"timestamp":"2025-10-16T18:20:32.325Z","transactTime":"2025-10-16T18:20:32.300Z"},{"symbol":"XBTUSD","id":141865174109,"side":"Sell","price":107882.0,"timestamp":"2025-10-16T18:20:32.325Z","transactTime":"2025-10-16T18:20:32.281Z"},{"symbol":"XBTUSD","id":141865170816,"side":"Sell","price":107858.7,"timestamp":"2025-10-16T18:20:32.325Z","transactTime":"2025-10-16T18:20:32.295Z"},{"symbol":"XBTUSD","id":141865173798,"side":"Sell","price":107839.7,"timestamp":"2025-10-16T18:20:32.325Z","transactTime":"2025-10-16T18:20:32.308Z"},{"symbol":"XBTUSD","id":141865171488,"side":"Sell","price":107882.1,"timestamp":"2025-10-16T18:20:32.325Z","transactTime":"2025-10-16T18:20:32.303Z"},{"symbol":"XBTUSD","id":141865173935,"side":"Sell","price":107877.0,"timestamp":"2025-10-16T18:20:32.325Z","transactTime":"2025-10-16T18:20:32.296Z"},{"symbol":"XBTUSD","id":141865172394,"side":"Buy","price":107817.3,"timestamp":"2025-10-16T18:20:32.325Z","transactTime":"2025-10-16T18:20:32.287Z"},{"symbol":"XBTUSD","id":141865172562,"side":"Buy","price":107800.5,"timestamp":"2025-10-16T18:20:32.325Z","transactTime":"2025-10-16T18:20:32.284Z"},{"symbol":"XBTUSD","id":141865173157,"side":"Buy","price":107819.4,"timestamp":"2025-10-16T18:20:32.325Z","transactTime":"2025-10-16T18:20:32.299Z"},{"symbol":"XBTUSD","id":141865173131,"side":"Buy","price":107819.3,"timestamp":"2025-10-16T18:20:32.325Z","transactTime":"2025-10-16T18:20:32.296Z"},{"symbol":"XBTUSD","id":141865173118,"side":"Buy","price":107805.1,"timestamp":"2025-10-16T18:20:32.325Z","transactTime":"2025-10-16T18:20:32.292Z"},{"symbol":"XBTUSD","id":141865172570,"side":"Buy","price":107819.1,"timestamp":"2025-10-16T18:20:32.325Z","transactTime":"2025-10-16T18:20:32.296Z"}]}[39m
> [2K[E[34m< {"table":"orderBookL2_25","action":"update","data":[{"symbol":"XBTUSD","id":141865172500,"side":"Sell","size":1300,"price":107855.9,"timestamp":"2025-10-16T18:20:32.325Z","transactTime":"2025-10-16T18:20:32.298Z"},{"symbol":"XBTUSD","id":141865169666,"side":"Buy","size":30000,"price":107805.0,"timestamp":"2025-10-16T18:20:32.325Z","transactTime":"2025-10-16T18:20:31.608Z"},{"symbol":"XBTUSD","id":141865172504,"side":"Buy","size":1900,"price":107830.0,"timestamp":"2025-10-16T18:20:32.325Z","transactTime":"2025-10-16T18:20:32.296Z"},{"symbol":"XBTUSD","id":141864998605,"side":"Buy","size":3400,"price":107803.0,"timestamp":"2025-10-16T18:20:32.325Z","transactTime":"2025-10-16T18:20:25.714Z"},{"symbol":"XBTUSD","id":141864995386,"side":"Buy","size":4400,"price":107804.8,"timestamp":"2025-10-16T18:20:32.325Z","transactTime":"2025-10-16T18:20:00.855Z"},{"symbol":"XBTUSD","id":141865170453,"side":"Buy","size":4400,"price":107811.6,"timestamp":"2025-10-16T18:20:32.325Z","transactTime":"2025-10-16T18:20:32.292Z"}]}[39m
> [2K[E[34m< {"table":"orderBookL2_25","action":"insert","data":[{"symbol":"XBTUSD","id":141865174237,"side":"Sell","size":4000,"price":107883.0,"timestamp":"2025-10-16T18:20:32.325Z","transactTime":"2025-10-16T18:20:32.281Z"},{"symbol":"XBTUSD","id":141865174474,"side":"Sell","size":500,"price":107844.0,"timestamp":"2025-10-16T18:20:32.325Z","transactTime":"2025-10-16T18:20:32.317Z"},{"symbol":"XBTUSD","id":141865174496,"side":"Sell","size":4900,"price":107843.9,"timestamp":"2025-10-16T18:20:32.325Z","transactTime":"2025-10-16T18:20:32.323Z"},{"symbol":"XBTUSD","id":141865174347,"side":"Sell","size":10900,"price":107879.9,"timestamp":"2025-10-16T18:20:32.325Z","transactTime":"2025-10-16T18:20:32.296Z"},{"symbol":"XBTUSD","id":141865170481,"side":"Sell","size":2000,"price":107882.6,"timestamp":"2025-10-16T18:20:32.325Z","transactTime":"2025-10-16T18:20:31.622Z"},{"symbol":"XBTUSD","id":141865168192,"side":"Sell","size":4400,"price":107885.7,"timestamp":"2025-10-16T18:20:32.325Z","transactTime":"2025-10-16T18:20:31.820Z"},{"symbol":"XBTUSD","id":141865174353,"side":"Sell","size":1056900,"price":107888.0,"timestamp":"2025-10-16T18:20:32.325Z","transactTime":"2025-10-16T18:20:32.303Z"},{"symbol":"XBTUSD","id":141865174376,"side":"Sell","size":3000,"price":107881.0,"timestamp":"2025-10-16T18:20:32.325Z","transactTime":"2025-10-16T18:20:32.300Z"},{"symbol":"XBTUSD","id":141865174380,"side":"Sell","size":4400,"price":107861.3,"timestamp":"2025-10-16T18:20:32.325Z","transactTime":"2025-10-16T18:20:32.300Z"},{"symbol":"XBTUSD","id":141865174382,"side":"Sell","size":3000,"price":107881.1,"timestamp":"2025-10-16T18:20:32.325Z","transactTime":"2025-10-16T18:20:32.300Z"},{"symbol":"XBTUSD","id":141865174242,"side":"Sell","size":4000,"price":107883.1,"timestamp":"2025-10-16T18:20:32.325Z","transactTime":"2025-10-16T18:20:32.281Z"},{"symbol":"XBTUSD","id":141865168180,"side":"Sell","size":502000,"price":107883.7,"timestamp":"2025-10-16T18:20:32.325Z","transactTime":"2025-10-16T18:20:32.110Z"},{"symbol":"XBTUSD","id":141865171548,"side":"Buy","size":11900,"price":107800.4,"timestamp":"2025-10-16T18:20:32.325Z","transactTime":"2025-10-16T18:20:31.750Z"},{"symbol":"XBTUSD","id":141865174256,"side":"Buy","size":324000,"price":107806.9,"timestamp":"2025-10-16T18:20:32.325Z","transactTime":"2025-10-16T18:20:32.284Z"},{"symbol":"XBTUSD","id":141865174278,"side":"Buy","size":44200,"price":107830.1,"timestamp":"2025-10-16T18:20:32.325Z","transactTime":"2025-10-16T18:20:32.296Z"},{"symbol":"XBTUSD","id":141865174318,"side":"Buy","size":64300,"price":107830.2,"timestamp":"2025-10-16T18:20:32.325Z","transactTime":"2025-10-16T18:20:32.299Z"},{"symbol":"XBTUSD","id":141865174299,"side":"Buy","size":66000,"price":107811.7,"timestamp":"2025-10-16T18:20:32.325Z","transactTime":"2025-10-16T18:20:32.289Z"},{"symbol":"XBTUSD","id":141865174293,"side":"Buy","size":30000,"price":107819.5,"timestamp":"2025-10-16T18:20:32.325Z","transactTime":"2025-10-16T18:20:32.289Z"}]}[39m
> [2K[E[34m< {"table":"orderBook10","action":"update","data":[{"symbol":"XBTUSD","bids":[[107830.2,64300],[107830.1,44200],[107830.0,1900],[107822.1,4600],[107822.0,10900],[107821.9,4400],[107821.0,500],[107820.0,500],[107819.5,30000],[107819.0,500]],"asks":[[107843.7,500],[107843.8,300],[107843.9,4900],[107844.0,500],[107855.8,1400],[107855.9,1300],[107856.0,1000],[107858.6,1300],[107861.3,4400],[107862.4,1700]],"timestamp":"2025-10-16T18:20:32.337Z"}]}[39m
> [2K[E[34m< {"table":"orderBookL2_25","action":"delete","data":[{"symbol":"XBTUSD","id":141865168192,"side":"Sell","price":107885.7,"timestamp":"2025-10-16T18:20:32.374Z","transactTime":"2025-10-16T18:20:32.363Z"},{"symbol":"XBTUSD","id":141865174496,"side":"Sell","price":107843.9,"timestamp":"2025-10-16T18:20:32.374Z","transactTime":"2025-10-16T18:20:32.340Z"},{"symbol":"XBTUSD","id":141865174353,"side":"Sell","price":107888.0,"timestamp":"2025-10-16T18:20:32.374Z","transactTime":"2025-10-16T18:20:32.360Z"},{"symbol":"XBTUSD","id":141865174382,"side":"Sell","price":107881.1,"timestamp":"2025-10-16T18:20:32.374Z","transactTime":"2025-10-16T18:20:32.369Z"},{"symbol":"XBTUSD","id":141865174237,"side":"Sell","price":107883.0,"timestamp":"2025-10-16T18:20:32.374Z","transactTime":"2025-10-16T18:20:32.369Z"},{"symbol":"XBTUSD","id":141865168180,"side":"Sell","price":107883.7,"timestamp":"2025-10-16T18:20:32.374Z","transactTime":"2025-10-16T18:20:32.329Z"},{"symbol":"XBTUSD","id":141865174186,"side":"Buy","price":107813.6,"timestamp":"2025-10-16T18:20:32.374Z","transactTime":"2025-10-16T18:20:32.343Z"},{"symbol":"XBTUSD","id":141865172504,"side":"Buy","price":107830.0,"timestamp":"2025-10-16T18:20:32.374Z","transactTime":"2025-10-16T18:20:32.350Z"},{"symbol":"XBTUSD","id":141865174131,"side":"Buy","price":107813.1,"timestamp":"2025-10-16T18:20:32.374Z","transactTime":"2025-10-16T18:20:32.342Z"}]}[39m
> [2K[E[34m< {"table":"orderBookL2_25","action":"update","data":[{"symbol":"XBTUSD","id":141865171926,"side":"Sell","size":800,"price":107856.0,"timestamp":"2025-10-16T18:20:32.374Z","transactTime":"2025-10-16T18:20:32.344Z"},{"symbol":"XBTUSD","id":141865174242,"side":"Sell","size":4000,"price":107883.1,"timestamp":"2025-10-16T18:20:32.374Z","transactTime":"2025-10-16T18:20:32.281Z"},{"symbol":"XBTUSD","id":141865167915,"side":"Sell","size":9300,"price":107868.0,"timestamp":"2025-10-16T18:20:32.374Z","transactTime":"2025-10-16T18:20:32.333Z"},{"symbol":"XBTUSD","id":141865174318,"side":"Buy","size":97300,"price":107830.2,"timestamp":"2025-10-16T18:20:32.374Z","transactTime":"2025-10-16T18:20:32.342Z"},{"symbol":"XBTUSD","id":141865174278,"side":"Buy","size":10900,"price":107830.1,"timestamp":"2025-10-16T18:20:32.374Z","transactTime":"2025-10-16T18:20:32.342Z"}]}[39m
> [2K[E[34m< {"table":"orderBookL2_25","action":"insert","data":[{"symbol":"XBTUSD","id":141865174700,"side":"Sell","size":8800,"price":107868.2,"timestamp":"2025-10-16T18:20:32.374Z","transactTime":"2025-10-16T18:20:32.360Z"},{"symbol":"XBTUSD","id":141865174725,"side":"Sell","size":300,"price":107843.9,"timestamp":"2025-10-16T18:20:32.374Z","transactTime":"2025-10-16T18:20:32.367Z"},{"symbol":"XBTUSD","id":141865174743,"side":"Sell","size":100,"price":107864.1,"timestamp":"2025-10-16T18:20:32.374Z","transactTime":"2025-10-16T18:20:32.368Z"},{"symbol":"XBTUSD","id":141865174706,"side":"Sell","size":100,"price":107860.9,"timestamp":"2025-10-16T18:20:32.374Z","transactTime":"2025-10-16T18:20:32.363Z"},{"symbol":"XBTUSD","id":141865174524,"side":"Sell","size":1400,"price":107855.8,"timestamp":"2025-10-16T18:20:32.374Z","transactTime":"2025-10-16T18:20:32.329Z"},{"symbol":"XBTUSD","id":141865174750,"side":"Sell","size":3000,"price":107882.0,"timestamp":"2025-10-16T18:20:32.374Z","transactTime":"2025-10-16T18:20:32.369Z"},{"symbol":"XBTUSD","id":141865174748,"side":"Buy","size":100,"price":107810.3,"timestamp":"2025-10-16T18:20:32.374Z","transactTime":"2025-10-16T18:20:32.369Z"},{"symbol":"XBTUSD","id":141865174591,"side":"Buy","size":100,"price":107812.2,"timestamp":"2025-10-16T18:20:32.374Z","transactTime":"2025-10-16T18:20:32.369Z"},{"symbol":"XBTUSD","id":141865088090,"side":"Buy","size":10700,"price":107800.0,"timestamp":"2025-10-16T18:20:32.374Z","transactTime":"2025-10-16T18:20:27.538Z"}]}[39m
> [2K[E[34m< {"table":"orderBook10","action":"update","data":[{"symbol":"XBTUSD","bids":[[107830.2,64300],[107830.1,10900],[107822.2,47500],[107822.0,10900],[107821.9,4400],[107821.0,500],[107820.0,500],[107819.5,30000],[107819.0,500],[107816.5,4400]],"asks":[[107843.8,1700],[107843.9,300],[107844.0,500],[107855.9,1300],[107856.0,800],[107858.6,1300],[107860.9,100],[107861.0,100],[107861.3,4400],[107862.4,1700]],"timestamp":"2025-10-16T18:20:32.386Z"}]}[39m
> [2K[E[34m< {"table":"orderBookL2_25","action":"delete","data":[{"symbol":"XBTUSD","id":141865174725,"side":"Sell","price":107843.9,"timestamp":"2025-10-16T18:20:32.423Z","transactTime":"2025-10-16T18:20:32.386Z"},{"symbol":"XBTUSD","id":141865174376,"side":"Sell","price":107881.0,"timestamp":"2025-10-16T18:20:32.423Z","transactTime":"2025-10-16T18:20:32.376Z"},{"symbol":"XBTUSD","id":141865172363,"side":"Sell","price":107862.4,"timestamp":"2025-10-16T18:20:32.423Z","transactTime":"2025-10-16T18:20:32.415Z"},{"symbol":"XBTUSD","id":141865173796,"side":"Sell","price":107858.6,"timestamp":"2025-10-16T18:20:32.423Z","transactTime":"2025-10-16T18:20:32.414Z"},{"symbol":"XBTUSD","id":141865174242,"side":"Sell","price":107883.1,"timestamp":"2025-10-16T18:20:32.423Z","transactTime":"2025-10-16T18:20:32.373Z"},{"symbol":"XBTUSD","id":141865174743,"side":"Sell","price":107864.1,"timestamp":"2025-10-16T18:20:32.423Z","transactTime":"2025-10-16T18:20:32.381Z"},{"symbol":"XBTUSD","id":141865174750,"side":"Sell","price":107882.0,"timestamp":"2025-10-16T18:20:32.423Z","transactTime":"2025-10-16T18:20:32.395Z"},{"symbol":"XBTUSD","id":141865174706,"side":"Sell","price":107860.9,"timestamp":"2025-10-16T18:20:32.423Z","transactTime":"2025-10-16T18:20:32.413Z"},{"symbol":"XBTUSD","id":141865174524,"side":"Sell","price":107855.8,"timestamp":"2025-10-16T18:20:32.423Z","transactTime":"2025-10-16T18:20:32.382Z"},{"symbol":"XBTUSD","id":141865174748,"side":"Buy","price":107810.3,"timestamp":"2025-10-16T18:20:32.423Z","transactTime":"2025-10-16T18:20:32.416Z"},{"symbol":"XBTUSD","id":141865171548,"side":"Buy","price":107800.4,"timestamp":"2025-10-16T18:20:32.423Z","transactTime":"2025-10-16T18:20:32.421Z"},{"symbol":"XBTUSD","id":141865173321,"side":"Buy","price":107822.1,"timestamp":"2025-10-16T18:20:32.423Z","transactTime":"2025-10-16T18:20:32.379Z"},{"symbol":"XBTUSD","id":141865174278,"side":"Buy","price":107830.1,"timestamp":"2025-10-16T18:20:32.423Z","transactTime":"2025-10-16T18:20:32.418Z"},{"symbol":"XBTUSD","id":141865174591,"side":"Buy","price":107812.2,"timestamp":"2025-10-16T18:20:32.423Z","transactTime":"2025-10-16T18:20:32.382Z"},{"symbol":"XBTUSD","id":141865088090,"side":"Buy","price":107800.0,"timestamp":"2025-10-16T18:20:32.423Z","transactTime":"2025-10-16T18:20:32.415Z"}]}[39m
> [2K[E[34m< {"table":"orderBookL2_25","action":"update","data":[{"symbol":"XBTUSD","id":141865174318,"side":"Buy","size":61200,"price":107830.2,"timestamp":"2025-10-16T18:20:32.423Z","transactTime":"2025-10-16T18:20:32.418Z"},{"symbol":"XBTUSD","id":141864998605,"side":"Buy","size":3400,"price":107803.0,"timestamp":"2025-10-16T18:20:32.423Z","transactTime":"2025-10-16T18:20:25.714Z"}]}[39m
> [2K[E[34m< {"table":"orderBookL2_25","action":"insert","data":[{"symbol":"XBTUSD","id":141865174980,"side":"Sell","size":1300,"price":107860.8,"timestamp":"2025-10-16T18:20:32.423Z","transactTime":"2025-10-16T18:20:32.413Z"},{"symbol":"XBTUSD","id":141865174755,"side":"Sell","size":3000,"price":107884.0,"timestamp":"2025-10-16T18:20:32.423Z","transactTime":"2025-10-16T18:20:32.397Z"},{"symbol":"XBTUSD","id":141865174945,"side":"Sell","size":300,"price":107843.7,"timestamp":"2025-10-16T18:20:32.423Z","transactTime":"2025-10-16T18:20:32.408Z"},{"symbol":"XBTUSD","id":141865174919,"side":"Sell","size":4000,"price":107886.0,"timestamp":"2025-10-16T18:20:32.423Z","transactTime":"2025-10-16T18:20:32.397Z"},{"symbol":"XBTUSD","id":141865174951,"side":"Sell","size":200,"price":107862.1,"timestamp":"2025-10-16T18:20:32.423Z","transactTime":"2025-10-16T18:20:32.413Z"},{"symbol":"XBTUSD","id":141865175026,"side":"Sell","size":300,"price":107843.6,"timestamp":"2025-10-16T18:20:32.423Z","transactTime":"2025-10-16T18:20:32.418Z"},{"symbol":"XBTUSD","id":141865168192,"side":"Sell","size":4400,"price":107885.7,"timestamp":"2025-10-16T18:20:32.423Z","transactTime":"2025-10-16T18:20:31.820Z"},{"symbol":"XBTUSD","id":141865174772,"side":"Sell","size":3000,"price":107884.1,"timestamp":"2025-10-16T18:20:32.423Z","transactTime":"2025-10-16T18:20:32.395Z"},{"symbol":"XBTUSD","id":141865175007,"side":"Sell","size":1700,"price":107869.4,"timestamp":"2025-10-16T18:20:32.423Z","transactTime":"2025-10-16T18:20:32.415Z"},{"symbol":"XBTUSD","id":141865175046,"side":"Buy","size":10400,"price":107819.6,"timestamp":"2025-10-16T18:20:32.423Z","transactTime":"2025-10-16T18:20:32.421Z"},{"symbol":"XBTUSD","id":141865175017,"side":"Buy","size":200,"price":107811.3,"timestamp":"2025-10-16T18:20:32.423Z","transactTime":"2025-10-16T18:20:32.416Z"},{"symbol":"XBTUSD","id":141865174782,"side":"Buy","size":47500,"price":107822.2,"timestamp":"2025-10-16T18:20:32.423Z","transactTime":"2025-10-16T18:20:32.376Z"},{"symbol":"XBTUSD","id":141865175013,"side":"Buy","size":18700,"price":107822.3,"timestamp":"2025-10-16T18:20:32.423Z","transactTime":"2025-10-16T18:20:32.415Z"},{"symbol":"XBTUSD","id":141865175011,"side":"Buy","size":1700,"price":107804.5,"timestamp":"2025-10-16T18:20:32.423Z","transactTime":"2025-10-16T18:20:32.415Z"},{"symbol":"XBTUSD","id":141865174982,"side":"Buy","size":5700,"price":107830.3,"timestamp":"2025-10-16T18:20:32.423Z","transactTime":"2025-10-16T18:20:32.419Z"}]}[39m
> [2K[E[34m< {"table":"orderBook10","action":"update","data":[{"symbol":"XBTUSD","bids":[[107830.3,5700],[107830.2,1300],[107822.4,59900],[107822.3,29600],[107822.2,47500],[107822.0,10900],[107821.9,4400],[107821.0,500],[107820.0,500],[107819.0,500]],"asks":[[107843.5,300],[107843.6,1700],[107844.0,500],[107855.9,1300],[107856.0,800],[107860.8,1300],[107861.3,4400],[107864.1,200],[107867.0,2400],[107867.1,3300]],"timestamp":"2025-10-16T18:20:32.435Z"}]}[39m
> [2K[E[34m< {"table":"orderBookL2_25","action":"delete","data":[{"symbol":"XBTUSD","id":141865174951,"side":"Sell","price":107862.1,"timestamp":"2025-10-16T18:20:32.472Z","transactTime":"2025-10-16T18:20:32.432Z"},{"symbol":"XBTUSD","id":141865174919,"side":"Sell","price":107886.0,"timestamp":"2025-10-16T18:20:32.472Z","transactTime":"2025-10-16T18:20:32.455Z"},{"symbol":"XBTUSD","id":141865175026,"side":"Sell","price":107843.6,"timestamp":"2025-10-16T18:20:32.472Z","transactTime":"2025-10-16T18:20:32.446Z"},{"symbol":"XBTUSD","id":141865174945,"side":"Sell","price":107843.7,"timestamp":"2025-10-16T18:20:32.472Z","transactTime":"2025-10-16T18:20:32.422Z"},{"symbol":"XBTUSD","id":141865168192,"side":"Sell","price":107885.7,"timestamp":"2025-10-16T18:20:32.472Z","transactTime":"2025-10-16T18:20:32.468Z"},{"symbol":"XBTUSD","id":141865174293,"side":"Buy","price":107819.5,"timestamp":"2025-10-16T18:20:32.472Z","transactTime":"2025-10-16T18:20:32.430Z"},{"symbol":"XBTUSD","id":141865175017,"side":"Buy","price":107811.3,"timestamp":"2025-10-16T18:20:32.472Z","transactTime":"2025-10-16T18:20:32.435Z"},{"symbol":"XBTUSD","id":141864998605,"side":"Buy","price":107803.0,"timestamp":"2025-10-16T18:20:32.472Z","transactTime":"2025-10-16T18:20:32.457Z"},{"symbol":"XBTUSD","id":141865175011,"side":"Buy","price":107804.5,"timestamp":"2025-10-16T18:20:32.472Z","transactTime":"2025-10-16T18:20:32.466Z"},{"symbol":"XBTUSD","id":141865175046,"side":"Buy","price":107819.6,"timestamp":"2025-10-16T18:20:32.472Z","transactTime":"2025-10-16T18:20:32.433Z"}]}[39m
> [2K[E[34m< {"table":"orderBookL2_25","action":"update","data":[{"symbol":"XBTUSD","id":141865174318,"side":"Buy","size":1300,"price":107830.2,"timestamp":"2025-10-16T18:20:32.472Z","transactTime":"2025-10-16T18:20:32.432Z"},{"symbol":"XBTUSD","id":141865175013,"side":"Buy","size":10900,"price":107822.3,"timestamp":"2025-10-16T18:20:32.472Z","transactTime":"2025-10-16T18:20:32.436Z"}]}[39m
> [2K[E[34m< {"table":"orderBookL2_25","action":"insert","data":[{"symbol":"XBTUSD","id":141865175225,"side":"Sell","size":400,"price":107843.1,"timestamp":"2025-10-16T18:20:32.472Z","transactTime":"2025-10-16T18:20:32.460Z"},{"symbol":"XBTUSD","id":141865175203,"side":"Sell","size":502000,"price":107885.4,"timestamp":"2025-10-16T18:20:32.472Z","transactTime":"2025-10-16T18:20:32.458Z"},{"symbol":"XBTUSD","id":141865175151,"side":"Sell","size":200,"price":107861.6,"timestamp":"2025-10-16T18:20:32.472Z","transactTime":"2025-10-16T18:20:32.450Z"},{"symbol":"XBTUSD","id":141865175198,"side":"Sell","size":1400,"price":107843.2,"timestamp":"2025-10-16T18:20:32.472Z","transactTime":"2025-10-16T18:20:32.464Z"},{"symbol":"XBTUSD","id":141865175254,"side":"Sell","size":1400,"price":107843.0,"timestamp":"2025-10-16T18:20:32.472Z","transactTime":"2025-10-16T18:20:32.468Z"},{"symbol":"XBTUSD","id":141865175200,"side":"Buy","size":39900,"price":107822.5,"timestamp":"2025-10-16T18:20:32.472Z","transactTime":"2025-10-16T18:20:32.457Z"},{"symbol":"XBTUSD","id":141865175173,"side":"Buy","size":200,"price":107812.1,"timestamp":"2025-10-16T18:20:32.472Z","transactTime":"2025-10-16T18:20:32.453Z"},{"symbol":"XBTUSD","id":141865175249,"side":"Buy","size":1500,"price":107819.1,"timestamp":"2025-10-16T18:20:32.472Z","transactTime":"2025-10-16T18:20:32.466Z"},{"symbol":"XBTUSD","id":141865175105,"side":"Buy","size":59900,"price":107822.4,"timestamp":"2025-10-16T18:20:32.472Z","transactTime":"2025-10-16T18:20:32.432Z"},{"symbol":"XBTUSD","id":141865175115,"side":"Buy","size":31300,"price":107811.8,"timestamp":"2025-10-16T18:20:32.472Z","transactTime":"2025-10-16T18:20:32.433Z"}]}[39m
> [2K[E[34m< {"table":"orderBook10","action":"update","data":[{"symbol":"XBTUSD","bids":[[107830.3,5700],[107830.2,1300],[107822.5,39900],[107822.4,59900],[107822.3,10900],[107822.2,47500],[107822.0,10900],[107821.9,4400],[107821.0,500],[107820.0,500]],"asks":[[107843.0,1700],[107844.0,500],[107855.9,1300],[107856.0,800],[107860.8,1300],[107861.3,4400],[107861.6,200],[107867.0,2400],[107867.1,3300],[107868.0,9300]],"timestamp":"2025-10-16T18:20:32.484Z"}]}[39m
> [2K[E[34m< {"table":"orderBookL2_25","action":"delete","data":[{"symbol":"XBTUSD","id":141865175225,"side":"Sell","price":107843.1,"timestamp":"2025-10-16T18:20:32.521Z","transactTime":"2025-10-16T18:20:32.473Z"},{"symbol":"XBTUSD","id":141865174755,"side":"Sell","price":107884.0,"timestamp":"2025-10-16T18:20:32.521Z","transactTime":"2025-10-16T18:20:32.485Z"},{"symbol":"XBTUSD","id":141865174772,"side":"Sell","price":107884.1,"timestamp":"2025-10-16T18:20:32.521Z","transactTime":"2025-10-16T18:20:32.485Z"},{"symbol":"XBTUSD","id":141865175198,"side":"Sell","price":107843.2,"timestamp":"2025-10-16T18:20:32.521Z","transactTime":"2025-10-16T18:20:32.476Z"},{"symbol":"XBTUSD","id":141865175203,"side":"Sell","price":107885.4,"timestamp":"2025-10-16T18:20:32.521Z","transactTime":"2025-10-16T18:20:32.515Z"},{"symbol":"XBTUSD","id":141865175173,"side":"Buy","price":107812.1,"timestamp":"2025-10-16T18:20:32.521Z","transactTime":"2025-10-16T18:20:32.502Z"},{"symbol":"XBTUSD","id":141864995386,"side":"Buy","price":107804.8,"timestamp":"2025-10-16T18:20:32.521Z","transactTime":"2025-10-16T18:20:32.502Z"}]}[39m
> [2K[E[34m< {"table":"orderBookL2_25","action":"update","data":[{"symbol":"XBTUSD","id":141865175254,"side":"Sell","size":1700,"price":107843.0,"timestamp":"2025-10-16T18:20:32.521Z","transactTime":"2025-10-16T18:20:32.471Z"},{"symbol":"XBTUSD","id":141865173974,"side":"Sell","size":7900,"price":107867.0,"timestamp":"2025-10-16T18:20:32.521Z","transactTime":"2025-10-16T18:20:32.519Z"}]}[39m
> [2K[E[34m< {"table":"orderBookL2_25","action":"insert","data":[{"symbol":"XBTUSD","id":141865175321,"side":"Sell","size":1900,"price":107883.9,"timestamp":"2025-10-16T18:20:32.521Z","transactTime":"2025-10-16T18:20:32.483Z"},{"symbol":"XBTUSD","id":141865175470,"side":"Sell","size":4000,"price":107885.0,"timestamp":"2025-10-16T18:20:32.521Z","transactTime":"2025-10-16T18:20:32.517Z"},{"symbol":"XBTUSD","id":141865175405,"side":"Sell","size":1800,"price":107860.7,"timestamp":"2025-10-16T18:20:32.521Z","transactTime":"2025-10-16T18:20:32.502Z"},{"symbol":"XBTUSD","id":141865175338,"side":"Sell","size":3000,"price":107880.1,"timestamp":"2025-10-16T18:20:32.521Z","transactTime":"2025-10-16T18:20:32.485Z"},{"symbol":"XBTUSD","id":141865175342,"side":"Sell","size":3000,"price":107880.0,"timestamp":"2025-10-16T18:20:32.521Z","transactTime":"2025-10-16T18:20:32.485Z"},{"symbol":"XBTUSD","id":141865175403,"side":"Buy","size":15300,"price":107805.1,"timestamp":"2025-10-16T18:20:32.521Z","transactTime":"2025-10-16T18:20:32.502Z"},{"symbol":"XBTUSD","id":141865175386,"side":"Buy","size":200,"price":107813.4,"timestamp":"2025-10-16T18:20:32.521Z","transactTime":"2025-10-16T18:20:32.502Z"}]}[39m
> [2K[E[34m< {"table":"orderBook10","action":"update","data":[{"symbol":"XBTUSD","bids":[[107830.3,5700],[107830.2,1300],[107822.5,39900],[107822.4,59900],[107822.3,10900],[107822.2,47500],[107822.0,10900],[107821.9,4400],[107821.0,500],[107820.0,500]],"asks":[[107843.0,1700],[107844.0,500],[107855.9,1300],[107856.0,800],[107860.7,1800],[107860.8,1300],[107861.3,4400],[107861.6,200],[107867.0,7900],[107867.1,3300]],"timestamp":"2025-10-16T18:20:32.533Z"}]}[39m
> [2K[E[34m< {"table":"orderBookL2_25","action":"delete","data":[{"symbol":"XBTUSD","id":141865175342,"side":"Sell","price":107880.0,"timestamp":"2025-10-16T18:20:32.570Z","transactTime":"2025-10-16T18:20:32.530Z"},{"symbol":"XBTUSD","id":141865174347,"side":"Sell","price":107879.9,"timestamp":"2025-10-16T18:20:32.570Z","transactTime":"2025-10-16T18:20:32.530Z"},{"symbol":"XBTUSD","id":141865175470,"side":"Sell","price":107885.0,"timestamp":"2025-10-16T18:20:32.570Z","transactTime":"2025-10-16T18:20:32.555Z"},{"symbol":"XBTUSD","id":141865175321,"side":"Sell","price":107883.9,"timestamp":"2025-10-16T18:20:32.570Z","transactTime":"2025-10-16T18:20:32.559Z"},{"symbol":"XBTUSD","id":141865175338,"side":"Sell","price":107880.1,"timestamp":"2025-10-16T18:20:32.570Z","transactTime":"2025-10-16T18:20:32.533Z"},{"symbol":"XBTUSD","id":141865170481,"side":"Sell","price":107882.6,"timestamp":"2025-10-16T18:20:32.570Z","transactTime":"2025-10-16T18:20:32.563Z"},{"symbol":"XBTUSD","id":141865175254,"side":"Sell","price":107843.0,"timestamp":"2025-10-16T18:20:32.570Z","transactTime":"2025-10-16T18:20:32.551Z"},{"symbol":"XBTUSD","id":141865175115,"side":"Buy","price":107811.8,"timestamp":"2025-10-16T18:20:32.570Z","transactTime":"2025-10-16T18:20:32.553Z"},{"symbol":"XBTUSD","id":141865175386,"side":"Buy","price":107813.4,"timestamp":"2025-10-16T18:20:32.570Z","transactTime":"2025-10-16T18:20:32.553Z"},{"symbol":"XBTUSD","id":141865174299,"side":"Buy","price":107811.7,"timestamp":"2025-10-16T18:20:32.570Z","transactTime":"2025-10-16T18:20:32.549Z"},{"symbol":"XBTUSD","id":141865174256,"side":"Buy","price":107806.9,"timestamp":"2025-10-16T18:20:32.570Z","transactTime":"2025-10-16T18:20:32.534Z"},{"symbol":"XBTUSD","id":141865174053,"side":"Buy","price":107806.8,"timestamp":"2025-10-16T18:20:32.570Z","transactTime":"2025-10-16T18:20:32.530Z"}]}[39m
> [2K[E[34m< {"table":"orderBookL2_25","action":"update","data":[{"symbol":"XBTUSD","id":141865173295,"side":"Sell","size":21800,"price":107874.7,"timestamp":"2025-10-16T18:20:32.570Z","transactTime":"2025-10-16T18:20:32.530Z"},{"symbol":"XBTUSD","id":141865175151,"side":"Sell","size":100,"price":107861.6,"timestamp":"2025-10-16T18:20:32.570Z","transactTime":"2025-10-16T18:20:32.565Z"},{"symbol":"XBTUSD","id":141865174982,"side":"Buy","size":5700,"price":107830.3,"timestamp":"2025-10-16T18:20:32.570Z","transactTime":"2025-10-16T18:20:32.563Z"}]}[39m
> [2K[E[34m< {"table":"orderBookL2_25","action":"insert","data":[{"symbol":"XBTUSD","id":141865175579,"side":"Sell","size":4200,"price":107874.6,"timestamp":"2025-10-16T18:20:32.570Z","transactTime":"2025-10-16T18:20:32.533Z"},{"symbol":"XBTUSD","id":141865175557,"side":"Sell","size":3000,"price":107881.0,"timestamp":"2025-10-16T18:20:32.570Z","transactTime":"2025-10-16T18:20:32.530Z"},{"symbol":"XBTUSD","id":141865175736,"side":"Sell","size":201700,"price":107880.4,"timestamp":"2025-10-16T18:20:32.570Z","transactTime":"2025-10-16T18:20:32.559Z"},{"symbol":"XBTUSD","id":141865175671,"side":"Sell","size":1400,"price":107842.8,"timestamp":"2025-10-16T18:20:32.570Z","transactTime":"2025-10-16T18:20:32.560Z"},{"symbol":"XBTUSD","id":141865175719,"side":"Sell","size":300,"price":107830.4,"timestamp":"2025-10-16T18:20:32.570Z","transactTime":"2025-10-16T18:20:32.555Z"},{"symbol":"XBTUSD","id":141865175773,"side":"Sell","size":201700,"price":107880.5,"timestamp":"2025-10-16T18:20:32.570Z","transactTime":"2025-10-16T18:20:32.563Z"},{"symbol":"XBTUSD","id":141865175786,"side":"Sell","size":100,"price":107860.0,"timestamp":"2025-10-16T18:20:32.570Z","transactTime":"2025-10-16T18:20:32.565Z"},{"symbol":"XBTUSD","id":141865175705,"side":"Buy","size":200,"price":107812.3,"timestamp":"2025-10-16T18:20:32.570Z","transactTime":"2025-10-16T18:20:32.553Z"},{"symbol":"XBTUSD","id":141864995386,"side":"Buy","size":4400,"price":107804.8,"timestamp":"2025-10-16T18:20:32.570Z","transactTime":"2025-10-16T18:20:00.855Z"},{"symbol":"XBTUSD","id":141864998605,"side":"Buy","size":3400,"price":107803.0,"timestamp":"2025-10-16T18:20:32.570Z","transactTime":"2025-10-16T18:20:25.714Z"},{"symbol":"XBTUSD","id":141865175555,"side":"Buy","size":1019200,"price":107803.1,"timestamp":"2025-10-16T18:20:32.570Z","transactTime":"2025-10-16T18:20:32.530Z"},{"symbol":"XBTUSD","id":141865175684,"side":"Buy","size":66500,"price":107806.7,"timestamp":"2025-10-16T18:20:32.570Z","transactTime":"2025-10-16T18:20:32.552Z"}]}[39m
> [2K[E[34m< {"table":"orderBook10","action":"update","data":[{"symbol":"XBTUSD","bids":[[107830.3,5700],[107822.5,39900],[107822.4,59900],[107822.3,10900],[107822.2,47500],[107822.0,10900],[107821.9,4400],[107821.0,500],[107820.0,500],[107819.7,200]],"asks":[[107830.4,300],[107842.8,1400],[107844.0,500],[107855.9,1300],[107856.0,800],[107860.0,200],[107860.7,1800],[107861.3,4400],[107867.0,7900],[107867.1,3300]],"timestamp":"2025-10-16T18:20:32.582Z"}]}[39m
> [2K[E[34m< {"table":"orderBookL2_25","action":"delete","data":[{"symbol":"XBTUSD","id":141865174980,"side":"Sell","price":107860.8,"timestamp":"2025-10-16T18:20:32.619Z","transactTime":"2025-10-16T18:20:32.578Z"},{"symbol":"XBTUSD","id":141865175736,"side":"Sell","price":107880.4,"timestamp":"2025-10-16T18:20:32.619Z","transactTime":"2025-10-16T18:20:32.570Z"},{"symbol":"XBTUSD","id":141865175786,"side":"Sell","price":107860.0,"timestamp":"2025-10-16T18:20:32.619Z","transactTime":"2025-10-16T18:20:32.594Z"},{"symbol":"XBTUSD","id":141865175773,"side":"Sell","price":107880.5,"timestamp":"2025-10-16T18:20:32.619Z","transactTime":"2025-10-16T18:20:32.574Z"},{"symbol":"XBTUSD","id":141865175151,"side":"Sell","price":107861.6,"timestamp":"2025-10-16T18:20:32.619Z","transactTime":"2025-10-16T18:20:32.572Z"},{"symbol":"XBTUSD","id":141865175705,"side":"Buy","price":107812.3,"timestamp":"2025-10-16T18:20:32.619Z","transactTime":"2025-10-16T18:20:32.580Z"},{"symbol":"XBTUSD","id":141865175684,"side":"Buy","price":107806.7,"timestamp":"2025-10-16T18:20:32.619Z","transactTime":"2025-10-16T18:20:32.609Z"},{"symbol":"XBTUSD","id":141865174318,"side":"Buy","price":107830.2,"timestamp":"2025-10-16T18:20:32.619Z","transactTime":"2025-10-16T18:20:32.577Z"},{"symbol":"XBTUSD","id":141865173172,"side":"Buy","price":107822.0,"timestamp":"2025-10-16T18:20:32.619Z","transactTime":"2025-10-16T18:20:32.605Z"},{"symbol":"XBTUSD","id":141865175249,"side":"Buy","price":107819.1,"timestamp":"2025-10-16T18:20:32.619Z","transactTime":"2025-10-16T18:20:32.609Z"}]}[39m
> [2K[E[34m< {"table":"orderBookL2_25","action":"update","data":[{"symbol":"XBTUSD","id":141865175719,"side":"Sell","size":700,"price":107830.4,"timestamp":"2025-10-16T18:20:32.619Z","transactTime":"2025-10-16T18:20:32.594Z"},{"symbol":"XBTUSD","id":141865171814,"side":"Sell","size":214300,"price":107878.9,"timestamp":"2025-10-16T18:20:32.619Z","transactTime":"2025-10-16T18:20:32.616Z"},{"symbol":"XBTUSD","id":141865173295,"side":"Sell","size":10900,"price":107874.7,"timestamp":"2025-10-16T18:20:32.619Z","transactTime":"2025-10-16T18:20:32.598Z"},{"symbol":"XBTUSD","id":141865175007,"side":"Sell","size":1700,"price":107869.4,"timestamp":"2025-10-16T18:20:32.619Z","transactTime":"2025-10-16T18:20:32.602Z"},{"symbol":"XBTUSD","id":141865170453,"side":"Buy","size":14700,"price":107811.6,"timestamp":"2025-10-16T18:20:32.619Z","transactTime":"2025-10-16T18:20:32.604Z"}]}[39m
> [2K[E[34m< {"table":"orderBookL2_25","action":"insert","data":[{"symbol":"XBTUSD","id":141865176192,"side":"Sell","size":10900,"price":107867.9,"timestamp":"2025-10-16T18:20:32.619Z","transactTime":"2025-10-16T18:20:32.606Z"},{"symbol":"XBTUSD","id":141865176143,"side":"Sell","size":200,"price":107844.6,"timestamp":"2025-10-16T18:20:32.619Z","transactTime":"2025-10-16T18:20:32.612Z"},{"symbol":"XBTUSD","id":141865176220,"side":"Sell","size":33600,"price":107877.0,"timestamp":"2025-10-16T18:20:32.619Z","transactTime":"2025-10-16T18:20:32.609Z"},{"symbol":"XBTUSD","id":141865176230,"side":"Sell","size":8800,"price":107858.7,"timestamp":"2025-10-16T18:20:32.619Z","transactTime":"2025-10-16T18:20:32.611Z"},{"symbol":"XBTUSD","id":141865176257,"side":"Sell","size":3300,"price":107861.5,"timestamp":"2025-10-16T18:20:32.619Z","transactTime":"2025-10-16T18:20:32.615Z"},{"symbol":"XBTUSD","id":141865176118,"side":"Buy","size":100,"price":107818.3,"timestamp":"2025-10-16T18:20:32.619Z","transactTime":"2025-10-16T18:20:32.598Z"},{"symbol":"XBTUSD","id":141865176218,"side":"Buy","size":67200,"price":107800.5,"timestamp":"2025-10-16T18:20:32.619Z","transactTime":"2025-10-16T18:20:32.609Z"},{"symbol":"XBTUSD","id":141865176199,"side":"Buy","size":100,"price":107818.0,"timestamp":"2025-10-16T18:20:32.619Z","transactTime":"2025-10-16T18:20:32.607Z"},{"symbol":"XBTUSD","id":141865176178,"side":"Buy","size":10900,"price":107819.2,"timestamp":"2025-10-16T18:20:32.619Z","transactTime":"2025-10-16T18:20:32.605Z"},{"symbol":"XBTUSD","id":141865171548,"side":"Buy","size":11900,"price":107800.4,"timestamp":"2025-10-16T18:20:32.619Z","transactTime":"2025-10-16T18:20:31.750Z"}]}[39m
> [2K[E[34m< {"table":"orderBook10","action":"update","data":[{"symbol":"XBTUSD","bids":[[107830.3,5700],[107822.5,39900],[107822.4,59900],[107822.2,47500],[107821.9,4400],[107821.0,500],[107820.0,500],[107819.3,10900],[107819.0,500],[107818.3,100]],"asks":[[107830.4,700],[107842.8,1400],[107844.0,500],[107844.6,200],[107855.9,1300],[107856.0,800],[107858.7,8800],[107860.7,1800],[107861.3,4400],[107861.5,3300]],"timestamp":"2025-10-16T18:20:32.631Z"}]}[39m
> [2K[E[34m< {"table":"orderBookL2_25","action":"delete","data":[{"symbol":"XBTUSD","id":141865175579,"side":"Sell","price":107874.6,"timestamp":"2025-10-16T18:20:32.668Z","transactTime":"2025-10-16T18:20:32.625Z"},{"symbol":"XBTUSD","id":141865175557,"side":"Sell","price":107881.0,"timestamp":"2025-10-16T18:20:32.668Z","transactTime":"2025-10-16T18:20:32.660Z"},{"symbol":"XBTUSD","id":141865173974,"side":"Sell","price":107867.0,"timestamp":"2025-10-16T18:20:32.668Z","transactTime":"2025-10-16T18:20:32.625Z"},{"symbol":"XBTUSD","id":141865169779,"side":"Sell","price":107880.3,"timestamp":"2025-10-16T18:20:32.668Z","transactTime":"2025-10-16T18:20:32.663Z"},{"symbol":"XBTUSD","id":141865173295,"side":"Sell","price":107874.7,"timestamp":"2025-10-16T18:20:32.668Z","transactTime":"2025-10-16T18:20:32.622Z"},{"symbol":"XBTUSD","id":141865175200,"side":"Buy","price":107822.5,"timestamp":"2025-10-16T18:20:32.668Z","transactTime":"2025-10-16T18:20:32.664Z"},{"symbol":"XBTUSD","id":141865175555,"side":"Buy","price":107803.1,"timestamp":"2025-10-16T18:20:32.668Z","transactTime":"2025-10-16T18:20:32.645Z"},{"symbol":"XBTUSD","id":141865175013,"side":"Buy","price":107822.3,"timestamp":"2025-10-16T18:20:32.668Z","transactTime":"2025-10-16T18:20:32.622Z"},{"symbol":"XBTUSD","id":141865176178,"side":"Buy","price":107819.2,"timestamp":"2025-10-16T18:20:32.668Z","transactTime":"2025-10-16T18:20:32.628Z"},{"symbol":"XBTUSD","id":141865174782,"side":"Buy","price":107822.2,"timestamp":"2025-10-16T18:20:32.668Z","transactTime":"2025-10-16T18:20:32.661Z"}]}[39m
> [2K[E[34m< {"table":"orderBookL2_25","action":"update","data":[{"symbol":"XBTUSD","id":141865176230,"side":"Sell","size":17600,"price":107858.7,"timestamp":"2025-10-16T18:20:32.668Z","transactTime":"2025-10-16T18:20:32.630Z"},{"symbol":"XBTUSD","id":141865174982,"side":"Buy","size":1300,"price":107830.3,"timestamp":"2025-10-16T18:20:32.668Z","transactTime":"2025-10-16T18:20:32.649Z"},{"symbol":"XBTUSD","id":141865171548,"side":"Buy","size":11900,"price":107800.4,"timestamp":"2025-10-16T18:20:32.668Z","transactTime":"2025-10-16T18:20:31.750Z"}]}[39m
> [2K[E[34m< {"table":"orderBookL2_25","action":"insert","data":[{"symbol":"XBTUSD","id":141865176476,"side":"Sell","size":3000,"price":107880.1,"timestamp":"2025-10-16T18:20:32.668Z","transactTime":"2025-10-16T18:20:32.660Z"},{"symbol":"XBTUSD","id":141865176488,"side":"Sell","size":5300,"price":107858.6,"timestamp":"2025-10-16T18:20:32.668Z","transactTime":"2025-10-16T18:20:32.663Z"},{"symbol":"XBTUSD","id":141865176405,"side":"Sell","size":1020000,"price":107876.9,"timestamp":"2025-10-16T18:20:32.668Z","transactTime":"2025-10-16T18:20:32.646Z"},{"symbol":"XBTUSD","id":141865176481,"side":"Sell","size":3000,"price":107880.0,"timestamp":"2025-10-16T18:20:32.668Z","transactTime":"2025-10-16T18:20:32.660Z"},{"symbol":"XBTUSD","id":141865176293,"side":"Sell","size":10900,"price":107869.3,"timestamp":"2025-10-16T18:20:32.668Z","transactTime":"2025-10-16T18:20:32.622Z"},{"symbol":"XBTUSD","id":141865176483,"side":"Buy","size":33500,"price":107818.4,"timestamp":"2025-10-16T18:20:32.668Z","transactTime":"2025-10-16T18:20:32.661Z"},{"symbol":"XBTUSD","id":141865176322,"side":"Buy","size":10900,"price":107816.6,"timestamp":"2025-10-16T18:20:32.668Z","transactTime":"2025-10-16T18:20:32.628Z"},{"symbol":"XBTUSD","id":141865088090,"side":"Buy","size":10700,"price":107800.0,"timestamp":"2025-10-16T18:20:32.668Z","transactTime":"2025-10-16T18:20:27.538Z"},{"symbol":"XBTUSD","id":141865176382,"side":"Buy","size":10900,"price":107816.7,"timestamp":"2025-10-16T18:20:32.668Z","transactTime":"2025-10-16T18:20:32.639Z"},{"symbol":"XBTUSD","id":141865176403,"side":"Buy","size":1019200,"price":107798.3,"timestamp":"2025-10-16T18:20:32.668Z","transactTime":"2025-10-16T18:20:32.645Z"}]}[39m
> [2K[E[34m< {"table":"orderBook10","action":"update","data":[{"symbol":"XBTUSD","bids":[[107830.3,1300],[107822.4,59900],[107821.9,4400],[107821.0,500],[107820.0,500],[107819.0,500],[107818.4,33500],[107818.3,100],[107818.0,100],[107816.7,10900]],"asks":[[107830.4,700],[107842.8,1400],[107844.0,500],[107844.6,200],[107855.9,1300],[107856.0,800],[107858.6,5300],[107858.7,17600],[107860.7,1800],[107861.3,4400]],"timestamp":"2025-10-16T18:20:32.680Z"}]}[39m
> [2K[E[34m< {"table":"orderBookL2_25","action":"delete","data":[{"symbol":"XBTUSD","id":141865176476,"side":"Sell","price":107880.1,"timestamp":"2025-10-16T18:20:32.717Z","transactTime":"2025-10-16T18:20:32.686Z"},{"symbol":"XBTUSD","id":141865174700,"side":"Sell","price":107868.2,"timestamp":"2025-10-16T18:20:32.717Z","transactTime":"2025-10-16T18:20:32.711Z"},{"symbol":"XBTUSD","id":141865176481,"side":"Sell","price":107880.0,"timestamp":"2025-10-16T18:20:32.717Z","transactTime":"2025-10-16T18:20:32.682Z"},{"symbol":"XBTUSD","id":141865175105,"side":"Buy","price":107822.4,"timestamp":"2025-10-16T18:20:32.717Z","transactTime":"2025-10-16T18:20:32.680Z"},{"symbol":"XBTUSD","id":141865176118,"side":"Buy","price":107818.3,"timestamp":"2025-10-16T18:20:32.717Z","transactTime":"2025-10-16T18:20:32.683Z"},{"symbol":"XBTUSD","id":141865176403,"side":"Buy","price":107798.3,"timestamp":"2025-10-16T18:20:32.717Z","transactTime":"2025-10-16T18:20:32.712Z"}]}[39m
> [2K[E[34m< {"table":"orderBookL2_25","action":"update","data":[{"symbol":"XBTUSD","id":141865171814,"side":"Sell","size":716300,"price":107878.9,"timestamp":"2025-10-16T18:20:32.717Z","transactTime":"2025-10-16T18:20:32.699Z"},{"symbol":"XBTUSD","id":141865176143,"side":"Sell","size":100,"price":107844.6,"timestamp":"2025-10-16T18:20:32.717Z","transactTime":"2025-10-16T18:20:32.682Z"},{"symbol":"XBTUSD","id":141865167915,"side":"Sell","size":500,"price":107868.0,"timestamp":"2025-10-16T18:20:32.717Z","transactTime":"2025-10-16T18:20:32.680Z"},{"symbol":"XBTUSD","id":141865175403,"side":"Buy","size":32900,"price":107805.1,"timestamp":"2025-10-16T18:20:32.717Z","transactTime":"2025-10-16T18:20:32.714Z"}]}[39m
> [2K[E[34m< {"table":"orderBookL2_25","action":"insert","data":[{"symbol":"XBTUSD","id":141865176751,"side":"Sell","size":4000,"price":107880.1,"timestamp":"2025-10-16T18:20:32.717Z","transactTime":"2025-10-16T18:20:32.708Z"},{"symbol":"XBTUSD","id":141865169779,"side":"Sell","size":3300,"price":107880.3,"timestamp":"2025-10-16T18:20:32.717Z","transactTime":"2025-10-16T18:20:31.563Z"},{"symbol":"XBTUSD","id":141865176639,"side":"Sell","size":7000,"price":107881.0,"timestamp":"2025-10-16T18:20:32.717Z","transactTime":"2025-10-16T18:20:32.714Z"},{"symbol":"XBTUSD","id":141865176794,"side":"Buy","size":59900,"price":107822.6,"timestamp":"2025-10-16T18:20:32.717Z","transactTime":"2025-10-16T18:20:32.712Z"},{"symbol":"XBTUSD","id":141865176703,"side":"Buy","size":17900,"price":107818.5,"timestamp":"2025-10-16T18:20:32.717Z","transactTime":"2025-10-16T18:20:32.712Z"},{"symbol":"XBTUSD","id":141865176757,"side":"Buy","size":19700,"price":107806.7,"timestamp":"2025-10-16T18:20:32.717Z","transactTime":"2025-10-16T18:20:32.709Z"}]}[39m
> [2K[E[34m< {"table":"orderBook10","action":"update","data":[{"symbol":"XBTUSD","bids":[[107830.3,1300],[107821.9,4400],[107821.0,500],[107820.0,500],[107819.0,500],[107818.6,59900],[107818.4,33500],[107818.0,100],[107816.7,10900],[107816.6,10900]],"asks":[[107830.4,700],[107842.8,1400],[107844.0,500],[107844.6,100],[107855.9,1300],[107856.0,800],[107858.6,5300],[107858.7,17600],[107860.7,1800],[107861.3,4400]],"timestamp":"2025-10-16T18:20:32.729Z"}]}[39m
> [2K[E[34m< {"table":"orderBookL2_25","action":"delete","data":[{"symbol":"XBTUSD","id":141865176751,"side":"Sell","price":107880.1,"timestamp":"2025-10-16T18:20:32.766Z","transactTime":"2025-10-16T18:20:32.720Z"},{"symbol":"XBTUSD","id":141865176293,"side":"Sell","price":107869.3,"timestamp":"2025-10-16T18:20:32.766Z","transactTime":"2025-10-16T18:20:32.725Z"},{"symbol":"XBTUSD","id":141865176703,"side":"Buy","price":107818.5,"timestamp":"2025-10-16T18:20:32.766Z","transactTime":"2025-10-16T18:20:32.724Z"},{"symbol":"XBTUSD","id":141865176382,"side":"Buy","price":107816.7,"timestamp":"2025-10-16T18:20:32.766Z","transactTime":"2025-10-16T18:20:32.755Z"},{"symbol":"XBTUSD","id":141865176794,"side":"Buy","price":107822.6,"timestamp":"2025-10-16T18:20:32.766Z","transactTime":"2025-10-16T18:20:32.721Z"}]}[39m
> [2K[E[34m< {"table":"orderBookL2_25","action":"update","data":[{"symbol":"XBTUSD","id":141865174982,"side":"Buy","size":1300,"price":107830.3,"timestamp":"2025-10-16T18:20:32.766Z","transactTime":"2025-10-16T18:20:32.727Z"}]}[39m
> [2K[E[34m< {"table":"orderBookL2_25","action":"insert","data":[{"symbol":"XBTUSD","id":141865177072,"side":"Sell","size":10900,"price":107874.7,"timestamp":"2025-10-16T18:20:32.766Z","transactTime":"2025-10-16T18:20:32.754Z"},{"symbol":"XBTUSD","id":141865176600,"side":"Sell","size":7000,"price":107881.1,"timestamp":"2025-10-16T18:20:32.766Z","transactTime":"2025-10-16T18:20:32.720Z"},{"symbol":"XBTUSD","id":141865176916,"side":"Buy","size":316600,"price":107798.4,"timestamp":"2025-10-16T18:20:32.766Z","transactTime":"2025-10-16T18:20:32.724Z"},{"symbol":"XBTUSD","id":141865177077,"side":"Buy","size":10900,"price":107822.0,"timestamp":"2025-10-16T18:20:32.766Z","transactTime":"2025-10-16T18:20:32.755Z"},{"symbol":"XBTUSD","id":141865177105,"side":"Buy","size":59900,"price":107818.5,"timestamp":"2025-10-16T18:20:32.766Z","transactTime":"2025-10-16T18:20:32.764Z"}]}[39m
> [2K[E[34m< {"table":"orderBook10","action":"update","data":[{"symbol":"XBTUSD","bids":[[107830.3,1300],[107822.1,59900],[107822.0,10900],[107821.9,4400],[107821.0,500],[107820.0,500],[107819.0,500],[107818.4,33500],[107818.0,100],[107816.6,10900]],"asks":[[107830.4,700],[107842.8,1400],[107843.5,100],[107844.0,500],[107855.9,1300],[107856.0,800],[107858.6,5300],[107858.7,17600],[107860.7,1800],[107861.3,4400]],"timestamp":"2025-10-16T18:20:32.778Z"}]}[39m
> [2K[E[34m< {"table":"orderBookL2_25","action":"delete","data":[{"symbol":"XBTUSD","id":141865169779,"side":"Sell","price":107880.3,"timestamp":"2025-10-16T18:20:32.815Z","transactTime":"2025-10-16T18:20:32.785Z"},{"symbol":"XBTUSD","id":141865176639,"side":"Sell","price":107881.0,"timestamp":"2025-10-16T18:20:32.815Z","transactTime":"2025-10-16T18:20:32.784Z"},{"symbol":"XBTUSD","id":141865176600,"side":"Sell","price":107881.1,"timestamp":"2025-10-16T18:20:32.815Z","transactTime":"2025-10-16T18:20:32.779Z"},{"symbol":"XBTUSD","id":141865176143,"side":"Sell","price":107844.6,"timestamp":"2025-10-16T18:20:32.815Z","transactTime":"2025-10-16T18:20:32.776Z"},{"symbol":"XBTUSD","id":141865177105,"side":"Buy","price":107818.5,"timestamp":"2025-10-16T18:20:32.815Z","transactTime":"2025-10-16T18:20:32.767Z"},{"symbol":"XBTUSD","id":141865176322,"side":"Buy","price":107816.6,"timestamp":"2025-10-16T18:20:32.815Z","transactTime":"2025-10-16T18:20:32.778Z"}]}[39m
> [2K[E[34m< {"table":"orderBookL2_25","action":"update","data":[{"symbol":"XBTUSD","id":141865171522,"side":"Sell","size":9900,"price":107877.1,"timestamp":"2025-10-16T18:20:32.815Z","transactTime":"2025-10-16T18:20:32.784Z"},{"symbol":"XBTUSD","id":141865176220,"side":"Sell","size":33600,"price":107877.0,"timestamp":"2025-10-16T18:20:32.815Z","transactTime":"2025-10-16T18:20:32.779Z"},{"symbol":"XBTUSD","id":141865176916,"side":"Buy","size":316600,"price":107798.4,"timestamp":"2025-10-16T18:20:32.815Z","transactTime":"2025-10-16T18:20:32.724Z"},{"symbol":"XBTUSD","id":141865174982,"side":"Buy","size":2300,"price":107830.3,"timestamp":"2025-10-16T18:20:32.815Z","transactTime":"2025-10-16T18:20:32.784Z"},{"symbol":"XBTUSD","id":141865177077,"side":"Buy","size":21800,"price":107822.0,"timestamp":"2025-10-16T18:20:32.815Z","transactTime":"2025-10-16T18:20:32.778Z"}]}[39m
> [2K[E[34m< {"table":"orderBookL2_25","action":"insert","data":[{"symbol":"XBTUSD","id":141865177196,"side":"Sell","size":3000,"price":107878.1,"timestamp":"2025-10-16T18:20:32.815Z","transactTime":"2025-10-16T18:20:32.784Z"},{"symbol":"XBTUSD","id":141865177169,"side":"Sell","size":3000,"price":107878.0,"timestamp":"2025-10-16T18:20:32.815Z","transactTime":"2025-10-16T18:20:32.779Z"},{"symbol":"XBTUSD","id":141865177198,"side":"Sell","size":4000,"price":107880.0,"timestamp":"2025-10-16T18:20:32.815Z","transactTime":"2025-10-16T18:20:32.785Z"},{"symbol":"XBTUSD","id":141865177159,"side":"Sell","size":100,"price":107843.5,"timestamp":"2025-10-16T18:20:32.815Z","transactTime":"2025-10-16T18:20:32.776Z"},{"symbol":"XBTUSD","id":141865177119,"side":"Buy","size":59900,"price":107822.1,"timestamp":"2025-10-16T18:20:32.815Z","transactTime":"2025-10-16T18:20:32.767Z"},{"symbol":"XBTUSD","id":141865176403,"side":"Buy","size":1019200,"price":107798.3,"timestamp":"2025-10-16T18:20:32.815Z","transactTime":"2025-10-16T18:20:32.645Z"}]}[39m
> [2K[E[34m< {"table":"orderBook10","action":"update","data":[{"symbol":"XBTUSD","bids":[[107830.3,2300],[107822.1,59900],[107822.0,21800],[107821.9,4400],[107821.0,500],[107820.0,500],[107819.0,500],[107818.5,11300],[107818.4,33500],[107818.0,100]],"asks":[[107830.4,700],[107842.8,1400],[107843.5,100],[107844.0,500],[107855.9,1300],[107856.0,800],[107858.6,5300],[107858.7,17600],[107860.7,1800],[107861.3,4400]],"timestamp":"2025-10-16T18:20:32.827Z"}]}[39m
> [2K[E[34m< {"table":"orderBookL2_25","action":"delete","data":[{"symbol":"XBTUSD","id":141865175719,"side":"Sell","price":107830.4,"timestamp":"2025-10-16T18:20:32.864Z","transactTime":"2025-10-16T18:20:32.845Z"},{"symbol":"XBTUSD","id":141865177169,"side":"Sell","price":107878.0,"timestamp":"2025-10-16T18:20:32.864Z","transactTime":"2025-10-16T18:20:32.858Z"},{"symbol":"XBTUSD","id":141865177198,"side":"Sell","price":107880.0,"timestamp":"2025-10-16T18:20:32.864Z","transactTime":"2025-10-16T18:20:32.817Z"},{"symbol":"XBTUSD","id":141865177196,"side":"Sell","price":107878.1,"timestamp":"2025-10-16T18:20:32.864Z","transactTime":"2025-10-16T18:20:32.860Z"},{"symbol":"XBTUSD","id":141865177159,"side":"Sell","price":107843.5,"timestamp":"2025-10-16T18:20:32.864Z","transactTime":"2025-10-16T18:20:32.834Z"},{"symbol":"XBTUSD","id":141865175405,"side":"Sell","price":107860.7,"timestamp":"2025-10-16T18:20:32.864Z","transactTime":"2025-10-16T18:20:32.854Z"},{"symbol":"XBTUSD","id":141865176192,"side":"Sell","price":107867.9,"timestamp":"2025-10-16T18:20:32.864Z","transactTime":"2025-10-16T18:20:32.850Z"},{"symbol":"XBTUSD","id":141865175007,"side":"Sell","price":107869.4,"timestamp":"2025-10-16T18:20:32.864Z","transactTime":"2025-10-16T18:20:32.851Z"},{"symbol":"XBTUSD","id":141865171548,"side":"Buy","price":107800.4,"timestamp":"2025-10-16T18:20:32.864Z","transactTime":"2025-10-16T18:20:32.856Z"},{"symbol":"XBTUSD","id":141865176916,"side":"Buy","price":107798.4,"timestamp":"2025-10-16T18:20:32.864Z","transactTime":"2025-10-16T18:20:32.846Z"},{"symbol":"XBTUSD","id":141865088090,"side":"Buy","price":107800.0,"timestamp":"2025-10-16T18:20:32.864Z","transactTime":"2025-10-16T18:20:32.851Z"},{"symbol":"XBTUSD","id":141865176403,"side":"Buy","price":107798.3,"timestamp":"2025-10-16T18:20:32.864Z","transactTime":"2025-10-16T18:20:32.817Z"}]}[39m
> [2K[E[34m< {"table":"orderBookL2_25","action":"update","data":[{"symbol":"XBTUSD","id":141865171522,"side":"Sell","size":12900,"price":107877.1,"timestamp":"2025-10-16T18:20:32.864Z","transactTime":"2025-10-16T18:20:32.860Z"},{"symbol":"XBTUSD","id":141865176220,"side":"Sell","size":36600,"price":107877.0,"timestamp":"2025-10-16T18:20:32.864Z","transactTime":"2025-10-16T18:20:32.858Z"},{"symbol":"XBTUSD","id":141865171814,"side":"Sell","size":502000,"price":107878.9,"timestamp":"2025-10-16T18:20:32.864Z","transactTime":"2025-10-16T18:20:32.850Z"}]}[39m
> [2K[E[34m< {"table":"orderBookL2_25","action":"insert","data":[{"symbol":"XBTUSD","id":141865177316,"side":"Sell","size":100,"price":107844.7,"timestamp":"2025-10-16T18:20:32.864Z","transactTime":"2025-10-16T18:20:32.834Z"},{"symbol":"XBTUSD","id":141865177455,"side":"Sell","size":1700,"price":107862.7,"timestamp":"2025-10-16T18:20:32.864Z","transactTime":"2025-10-16T18:20:32.851Z"},{"symbol":"XBTUSD","id":141865177443,"side":"Sell","size":12600,"price":107868.1,"timestamp":"2025-10-16T18:20:32.864Z","transactTime":"2025-10-16T18:20:32.850Z"},{"symbol":"XBTUSD","id":141865177289,"side":"Sell","size":5200,"price":107867.8,"timestamp":"2025-10-16T18:20:32.864Z","transactTime":"2025-10-16T18:20:32.817Z"},{"symbol":"XBTUSD","id":141865177449,"side":"Sell","size":10900,"price":107874.6,"timestamp":"2025-10-16T18:20:32.864Z","transactTime":"2025-10-16T18:20:32.850Z"},{"symbol":"XBTUSD","id":141865177554,"side":"Sell","size":4000,"price":107879.0,"timestamp":"2025-10-16T18:20:32.864Z","transactTime":"2025-10-16T18:20:32.861Z"},{"symbol":"XBTUSD","id":141865177534,"side":"Sell","size":400,"price":107842.7,"timestamp":"2025-10-16T18:20:32.864Z","transactTime":"2025-10-16T18:20:32.858Z"},{"symbol":"XBTUSD","id":141865177333,"side":"Sell","size":536400,"price":107876.8,"timestamp":"2025-10-16T18:20:32.864Z","transactTime":"2025-10-16T18:20:32.837Z"},{"symbol":"XBTUSD","id":141865177509,"side":"Buy","size":1700,"price":107804.1,"timestamp":"2025-10-16T18:20:32.864Z","transactTime":"2025-10-16T18:20:32.856Z"},{"symbol":"XBTUSD","id":141865177458,"side":"Buy","size":5700,"price":107830.4,"timestamp":"2025-10-16T18:20:32.864Z","transactTime":"2025-10-16T18:20:32.856Z"},{"symbol":"XBTUSD","id":141865177411,"side":"Buy","size":27000,"price":107822.2,"timestamp":"2025-10-16T18:20:32.864Z","transactTime":"2025-10-16T18:20:32.851Z"},{"symbol":"XBTUSD","id":141865177287,"side":"Buy","size":11300,"price":107818.5,"timestamp":"2025-10-16T18:20:32.864Z","transactTime":"2025-10-16T18:20:32.817Z"}]}[39m
> [2K[E[34m< {"table":"orderBook10","action":"update","data":[{"symbol":"XBTUSD","bids":[[107830.4,5700],[107830.3,2300],[107822.2,27000],[107822.1,59900],[107822.0,21800],[107821.9,4400],[107821.0,500],[107820.0,500],[107819.0,500],[107818.8,100]],"asks":[[107842.6,1400],[107842.7,400],[107844.0,500],[107855.9,1300],[107856.0,800],[107858.6,5300],[107858.7,17600],[107861.3,4400],[107861.5,3300],[107862.7,1700]],"timestamp":"2025-10-16T18:20:32.876Z"}]}[39m
> [2K[E[34m< {"table":"orderBookL2_25","action":"delete","data":[{"symbol":"XBTUSD","id":141865177316,"side":"Sell","price":107844.7,"timestamp":"2025-10-16T18:20:32.913Z","transactTime":"2025-10-16T18:20:32.868Z"},{"symbol":"XBTUSD","id":141865175671,"side":"Sell","price":107842.8,"timestamp":"2025-10-16T18:20:32.913Z","transactTime":"2025-10-16T18:20:32.873Z"},{"symbol":"XBTUSD","id":141865176488,"side":"Sell","price":107858.6,"timestamp":"2025-10-16T18:20:32.913Z","transactTime":"2025-10-16T18:20:32.883Z"},{"symbol":"XBTUSD","id":141865171814,"side":"Sell","price":107878.9,"timestamp":"2025-10-16T18:20:32.913Z","transactTime":"2025-10-16T18:20:32.868Z"},{"symbol":"XBTUSD","id":141865177554,"side":"Sell","price":107879.0,"timestamp":"2025-10-16T18:20:32.913Z","transactTime":"2025-10-16T18:20:32.870Z"},{"symbol":"XBTUSD","id":141865177534,"side":"Sell","price":107842.7,"timestamp":"2025-10-16T18:20:32.913Z","transactTime":"2025-10-16T18:20:32.879Z"},{"symbol":"XBTUSD","id":141865177333,"side":"Sell","price":107876.8,"timestamp":"2025-10-16T18:20:32.913Z","transactTime":"2025-10-16T18:20:32.876Z"},{"symbol":"XBTUSD","id":141865176218,"side":"Buy","price":107800.5,"timestamp":"2025-10-16T18:20:32.913Z","transactTime":"2025-10-16T18:20:32.897Z"},{"symbol":"XBTUSD","id":141865176199,"side":"Buy","price":107818.0,"timestamp":"2025-10-16T18:20:32.913Z","transactTime":"2025-10-16T18:20:32.879Z"}]}[39m
> [2K[E[34m< {"table":"orderBookL2_25","action":"update","data":[{"symbol":"XBTUSD","id":141865176220,"side":"Sell","size":3000,"price":107877.0,"timestamp":"2025-10-16T18:20:32.913Z","transactTime":"2025-10-16T18:20:32.888Z"},{"symbol":"XBTUSD","id":141865176230,"side":"Sell","size":8800,"price":107858.7,"timestamp":"2025-10-16T18:20:32.913Z","transactTime":"2025-10-16T18:20:32.880Z"},{"symbol":"XBTUSD","id":141865052585,"side":"Buy","size":4400,"price":107816.5,"timestamp":"2025-10-16T18:20:32.913Z","transactTime":"2025-10-16T18:20:32.897Z"},{"symbol":"XBTUSD","id":141865174982,"side":"Buy","size":2700,"price":107830.3,"timestamp":"2025-10-16T18:20:32.913Z","transactTime":"2025-10-16T18:20:32.884Z"}]}[39m
> [2K[E[34m< {"table":"orderBookL2_25","action":"insert","data":[{"symbol":"XBTUSD","id":141865177814,"side":"Sell","size":200,"price":107861.6,"timestamp":"2025-10-16T18:20:32.913Z","transactTime":"2025-10-16T18:20:32.909Z"},{"symbol":"XBTUSD","id":141865177833,"side":"Sell","size":4000,"price":107883.1,"timestamp":"2025-10-16T18:20:32.913Z","transactTime":"2025-10-16T18:20:32.904Z"},{"symbol":"XBTUSD","id":141865177667,"side":"Sell","size":1400,"price":107842.6,"timestamp":"2025-10-16T18:20:32.913Z","transactTime":"2025-10-16T18:20:32.874Z"},{"symbol":"XBTUSD","id":141865169779,"side":"Sell","size":3300,"price":107880.3,"timestamp":"2025-10-16T18:20:32.913Z","transactTime":"2025-10-16T18:20:31.563Z"},{"symbol":"XBTUSD","id":141865177859,"side":"Sell","size":4000,"price":107883.0,"timestamp":"2025-10-16T18:20:32.913Z","transactTime":"2025-10-16T18:20:32.907Z"},{"symbol":"XBTUSD","id":141865177740,"side":"Sell","size":36200,"price":107882.5,"timestamp":"2025-10-16T18:20:32.913Z","transactTime":"2025-10-16T18:20:32.888Z"},{"symbol":"XBTUSD","id":141865170481,"side":"Sell","size":2000,"price":107882.6,"timestamp":"2025-10-16T18:20:32.913Z","transactTime":"2025-10-16T18:20:31.622Z"},{"symbol":"XBTUSD","id":141865177798,"side":"Buy","size":100,"price":107815.1,"timestamp":"2025-10-16T18:20:32.913Z","transactTime":"2025-10-16T18:20:32.897Z"},{"symbol":"XBTUSD","id":141865177809,"side":"Buy","size":100,"price":107814.3,"timestamp":"2025-10-16T18:20:32.913Z","transactTime":"2025-10-16T18:20:32.899Z"}]}[39m
> [2K[E[34m< {"table":"orderBook10","action":"update","data":[{"symbol":"XBTUSD","bids":[[107830.4,5700],[107830.3,2700],[107822.2,27000],[107822.1,59900],[107822.0,21800],[107821.9,4400],[107821.0,500],[107820.0,500],[107819.0,500],[107818.5,11300]],"asks":[[107842.6,1400],[107844.0,500],[107855.9,1300],[107856.0,800],[107858.7,8800],[107861.3,4400],[107861.5,3300],[107861.6,200],[107862.7,1700],[107867.1,3300]],"timestamp":"2025-10-16T18:20:32.925Z"}]}[39m
> [2K[E[34m< {"table":"orderBookL2_25","action":"delete","data":[{"symbol":"XBTUSD","id":141865176405,"side":"Sell","price":107876.9,"timestamp":"2025-10-16T18:20:32.962Z","transactTime":"2025-10-16T18:20:32.914Z"},{"symbol":"XBTUSD","id":141865176220,"side":"Sell","price":107877.0,"timestamp":"2025-10-16T18:20:32.962Z","transactTime":"2025-10-16T18:20:32.930Z"},{"symbol":"XBTUSD","id":141865177833,"side":"Sell","price":107883.1,"timestamp":"2025-10-16T18:20:32.962Z","transactTime":"2025-10-16T18:20:32.923Z"},{"symbol":"XBTUSD","id":141865177859,"side":"Sell","price":107883.0,"timestamp":"2025-10-16T18:20:32.962Z","transactTime":"2025-10-16T18:20:32.952Z"},{"symbol":"XBTUSD","id":141865177072,"side":"Sell","price":107874.7,"timestamp":"2025-10-16T18:20:32.962Z","transactTime":"2025-10-16T18:20:32.922Z"},{"symbol":"XBTUSD","id":141865177289,"side":"Sell","price":107867.8,"timestamp":"2025-10-16T18:20:32.962Z","transactTime":"2025-10-16T18:20:32.933Z"},{"symbol":"XBTUSD","id":141865177798,"side":"Buy","price":107815.1,"timestamp":"2025-10-16T18:20:32.962Z","transactTime":"2025-10-16T18:20:32.936Z"},{"symbol":"XBTUSD","id":141865177809,"side":"Buy","price":107814.3,"timestamp":"2025-10-16T18:20:32.962Z","transactTime":"2025-10-16T18:20:32.951Z"}]}[39m
> [2K[E[34m< {"table":"orderBookL2_25","action":"update","data":[{"symbol":"XBTUSD","id":141865171522,"side":"Sell","size":9900,"price":107877.1,"timestamp":"2025-10-16T18:20:32.962Z","transactTime":"2025-10-16T18:20:32.923Z"}]}[39m
> [2K[E[34m< {"table":"orderBookL2_25","action":"insert","data":[{"symbol":"XBTUSD","id":141865177880,"side":"Sell","size":1019900,"price":107881.9,"timestamp":"2025-10-16T18:20:32.962Z","transactTime":"2025-10-16T18:20:32.914Z"},{"symbol":"XBTUSD","id":141865177950,"side":"Sell","size":3000,"price":107881.0,"timestamp":"2025-10-16T18:20:32.962Z","transactTime":"2025-10-16T18:20:32.930Z"},{"symbol":"XBTUSD","id":141865177953,"side":"Sell","size":8800,"price":107866.8,"timestamp":"2025-10-16T18:20:32.962Z","transactTime":"2025-10-16T18:20:32.930Z"},{"symbol":"XBTUSD","id":141865177923,"side":"Sell","size":3000,"price":107881.1,"timestamp":"2025-10-16T18:20:32.962Z","transactTime":"2025-10-16T18:20:32.923Z"},{"symbol":"XBTUSD","id":141865178010,"side":"Sell","size":2600,"price":107858.6,"timestamp":"2025-10-16T18:20:32.962Z","transactTime":"2025-10-16T18:20:32.952Z"},{"symbol":"XBTUSD","id":141865177996,"side":"Sell","size":10900,"price":107880.2,"timestamp":"2025-10-16T18:20:32.962Z","transactTime":"2025-10-16T18:20:32.948Z"},{"symbol":"XBTUSD","id":141865178007,"side":"Buy","size":100,"price":107813.0,"timestamp":"2025-10-16T18:20:32.962Z","transactTime":"2025-10-16T18:20:32.951Z"},{"symbol":"XBTUSD","id":141865177971,"side":"Buy","size":100,"price":107813.8,"timestamp":"2025-10-16T18:20:32.962Z","transactTime":"2025-10-16T18:20:32.936Z"}]}[39m
> [2K[E[34m< {"table":"orderBook10","action":"update","data":[{"symbol":"XBTUSD","bids":[[107830.4,5700],[107830.3,2700],[107822.2,27000],[107822.1,59900],[107822.0,21800],[107821.9,4400],[107821.0,500],[107820.0,500],[107819.0,500],[107818.5,11300]],"asks":[[107842.6,1400],[107844.0,500],[107855.9,1300],[107856.0,800],[107858.6,2600],[107858.7,8800],[107861.2,2900],[107861.3,4400],[107861.5,3300],[107861.6,200]],"timestamp":"2025-10-16T18:20:32.974Z"}]}[39m
> [2K[E[34m< {"table":"orderBookL2_25","action":"delete","data":[{"symbol":"XBTUSD","id":141865177880,"side":"Sell","price":107881.9,"timestamp":"2025-10-16T18:20:33.011Z","transactTime":"2025-10-16T18:20:32.975Z"},{"symbol":"XBTUSD","id":141865177740,"side":"Sell","price":107882.5,"timestamp":"2025-10-16T18:20:33.011Z","transactTime":"2025-10-16T18:20:32.971Z"},{"symbol":"XBTUSD","id":141865170481,"side":"Sell","price":107882.6,"timestamp":"2025-10-16T18:20:33.011Z","transactTime":"2025-10-16T18:20:32.968Z"},{"symbol":"XBTUSD","id":141865177971,"side":"Buy","price":107813.8,"timestamp":"2025-10-16T18:20:33.011Z","transactTime":"2025-10-16T18:20:33.004Z"}]}[39m
> [2K[E[34m< {"table":"orderBookL2_25","action":"update","data":[{"symbol":"XBTUSD","id":141865177814,"side":"Sell","size":100,"price":107861.6,"timestamp":"2025-10-16T18:20:33.011Z","transactTime":"2025-10-16T18:20:33.002Z"},{"symbol":"XBTUSD","id":141865174982,"side":"Buy","size":1700,"price":107830.3,"timestamp":"2025-10-16T18:20:33.011Z","transactTime":"2025-10-16T18:20:33.008Z"}]}[39m
